1986 3327
503 288 540 321 2.
589 287 806 323 Locativus
832 289 874 322 et
899 287 1105 322 ablativus
1130 287 1222 322 loci.

250 377 309 419 De
340 378 534 419 locativis
566 382 606 420 et
638 378 834 427 ablativis
873 378 954 420 loci
985 379 1096 431 apud
1121 378 1360 420 Lucretium
1383 392 1608 421 occurren-

113 445 226 486 tibus
261 445 486 486 disserenti
518 445 702 498 primum
735 445 910 487 nomina
941 446 1126 498 propria,
1152 445 1311 488 deinde
1332 446 1509 488 nomina
1531 459 1608 499 ap-

116 512 311 565 pellativa
341 513 599 565 perscrutari
629 513 782 567 placet,
821 513 1022 566 quoniam
1055 513 1116 554 sic
1148 514 1438 567 perspicuitati
1471 515 1607 567 magis

115 580 372 631 consuletur,
405 592 534 633 quam
567 581 601 621 si
632 580 763 622 verba
795 593 941 622 casum
973 581 1154 622 localem
1185 581 1376 633 regentia
1397 582 1439 622 in
1464 593 1606 624 exem·

115 647 194 700 plis
224 646 465 689 adferendis
498 648 845 701 spectaverimus.

250 750 300 790 A.
361 748 865 801 Nominapropw'a.

252 842 288 870 a.
348 829 578 871 Nomina
608 829 834 870 urbium.

750 930 979 965 Locativus.

255 1000 420 1041 Nomen
443 999 560 1041 urbis
575 1000 658 1042 hoc
679 1005 845 1041 tantum
867 1000 962 1041 loco
985 1000 1026 1040 in
1049 1000 1232 1042 locativo
1249 1001 1435 1054 positum
1453 1005 1608 1044 exstat:

252 1069 435 1120 Aegium.
495 1067 548 1109 VI
579 1069 662 1109 585
692 1067 751 1108 In
785 1066 918 1118 Syria
952 1067 1114 1109 Sidone
1145 1068 1262 1119 quod
1283 1068 1441 1110 aeciam
1461 1072 1502 1110 et
1520 1068 1610 1122 fuit

118 1135 187 1175 Ae
197 1134 250 1189 92?
280 1134 340 1176 In
370 1135 681 1187 Peloponneso.

749 1236 975 1271 Ablativus.

252 1306 436 1347 Nomina
466 1305 632 1347 urbium
664 1306 730 1347 his
760 1306 865 1348 locis
895 1310 1142 1348 occurrunt:

251 1375 381 1415 Aulis.
441 1373 457 1414 I
488 1374 542 1415 84
571 1373 776 1414 Aulide
807 1387 890 1425 quo
914 1376 1045 1426 pacto
1080 1373 1249 1415 Triviai
1281 1374 1465 1428 viminis
1482 1388 1606 1416 aram

119 1439 405 1493 Iphianassai
447 1444 691 1493 tmparzmt
729 1442 952 1495 sanquine
989 1441 1112 1493 foede
1143 1441 1359 1483 Ductores
1389 1442 1607 1484 Danaum-

120 1508 281 1550 delecti.

253 1580 394 1619 Gades.
454 1577 507 1619 VI
539 1579 646 1620 1106
678 1578 792 1619 Nam
824 1577 931 1629 quid
955 1577 1211 1620 Brittannis
1240 1577 1407 1618 caelum
1430 1576 1608 1631 differre

117 1647 339 1697 nummus,
383 1644 446 1686 Et
488 1646 605 1697 quod
644 1645 691 1687 m
726 1646 922 1699 Aeyypto
962 1649 1034 1698 est,
1182 1646 1351 1697 Quidve
1401 1646 1517 1697 quod
1558 1646 1608 1688 m

119 1712 256 1754 Ponto
303 1716 367 1754 est
410 1712 602 1767 differre,
649 1716 689 1754 et
734 1713 983 1754 Gadibus
1034 1716 1163 1766 atque.
1209 1714 1356 1765 Usque
1388 1714 1446 1754 ad
1474 1713 1609 1768 niqra

120 1780 259 1821 virum
282 1784 480 1833 percocto
512 1781 656 1822 saecla
688 1781 854 1822 colore?

256 1849 345 1891 Hoc
376 1850 471 1891 loco
503 1849 666 1901 Mum-o,
698 1850 855 1903 quippe
885 1850 957 1903 qui
982 1849 1252 1901 Brittannis,
1275 1850 1388 1903 quod
1411 1850 1608 1891 omnibus

118 1916 336 1958 codicibus
368 1918 714 1960 commendatum
747 1923 824 1967 est,
857 1918 910 1959 ad
941 1931 1113 1959 sensum
1141 1931 1228 1959 non
1250 1919 1463 1972 quadrare
1483 1924 1608 1972 puta-

117 1989 194 2036 ret,
225 1984 459 2027 Brittanni
491 1986 683 2027 coniecit.
714 1986 861 2039 Neque
882 1991 1026 2028 tamen
1051 1986 1246 2028 codicum
1269 1987 1480 2039 scriptura
1496 1999 1608 2039 sper-

117 2053 258 2095 nenda
288 2053 465 2104 videtur,
499 2066 758 2107 quamquam
793 2067 877 2108 qua
907 2055 1074 2096 ratione
1105 2059 1222 2096 recte
1253 2055 1306 2095 sit
1335 2054 1609 2107 percipienda

117 2120 268 2162 dubius
283 2134 388 2162 sum.
426 2122 532 2162 Nam
551 2121 735 2164 fortasse
753 2135 849 2163 cum
868 2122 1216 2165 Bockemuellero
1234 2123 1520 2176 Briegeroque
1530 2135 1608 2176 pro

116 2188 259 2230 dativo
291 2189 448 2231 habere
479 2202 719 2242 possumuS‚
752 2191 787 2231 si
818 2203 942 2231 usum
973 2190 1104 2231 dativi
1137 2191 1433 2233 Lucretianum
1466 2192 1608 2232 consi-

116 2256 328 2308 deramus,
361 2270 457 2298 cum
490 2269 619 2311 saepe
644 2263 780 2300 exstet
802 2258 982 2310 dativus,
1004 2257 1076 2299 ubi
1097 2259 1318 2311 genetivus
1339 2258 1441 2312 poni
1461 2259 1608 2311 potuit.

117 2325 243 2378 Atqui
284 2326 442 2367 rectius
482 2326 714 2367 ablativum
754 2327 882 2368 statui
920 2339 1046 2379 posse
1076 2331 1192 2379 puto,
1225 2327 1427 2380 quoniam
1460 2326 1609 2368 Lucre-

117 2393 212 2444 tius,
250 2393 292 2433 id
329 2394 444 2447 quod
483 2394 632 2436 Munro
668 2395 760 2447 ipse
795 2395 849 2436 ad
886 2395 934 2435 ΙΙΙ
965 2395 1049 2437 623
1080 2395 1393 2443 animadvertit,
1425 2407 1608 2448 praepo-

117 2461 315 2503 sitionem
353 2462 549 2504 omittere
586 2463 694 2504 solet
730 2463 1012 2505 antecedente
1054 2463 1116 2504 vel
1156 2467 1362 2516 sequente
1393 2463 1609 2516 praeposi-

116 2529 244 2581 tione.
305 2529 499 2584 Namque
531 2530 697 2572 videtur
735 2535 864 2582 poeta
903 2531 1044 2573 dicere
1074 2531 1278 2572 voluisse:
1311 2530 1412 2584 quid
1442 2530 1608 2572 caelum

117 2597 231 2650 quod
276 2597 320 2638 in
365 2597 596 2639 Brittannis
641 2598 700 2651 (in
746 2598 1002 2653 Brittannia)
1049 2602 1114 2641 est
1143 2600 1168 2639 i.
1201 2611 1235 2640 e.
1267 2598 1345 2654 (in)
1376 2598 1608 2640 Brittannis

117 2665 167 2708 ὂν
212 2665 376 2707 differre
420 2671 632 2719 putamus,
687 2667 746 2707 uti
792 2679 818 2708 a
862 2666 1069 2708 Munrone
1115 2667 1349 2720 explicatur
1397 2665 1608 2718 Gadibus,

119 2745 250 2786 quare
296 2734 376 2775 loci
423 2735 646 2775 notionum
683 2736 864 2787 primam
909 2735 1002 2788 pari
1046 2739 1176 2788 atque
1221 2738 1448 2788 sequentes
1480 2734 1608 2776 modo
