1932 3327
405 218 481 257 133

482 366 638 404 parere.
698 352 733 393 V
779 353 861 393 865
906 351 969 392 Et
1005 365 1146 405 gycmis
1188 365 1311 392 omne
1354 352 1471 403 quod
1503 355 1566 393 ext
1594 354 1843 395 veterino

346 420 546 461 ‚munim
584 423 782 472 partum.
844 420 937 461 Uno
985 421 1079 460 loco
1127 421 1388 472 praepositio
1433 426 1640 473 usurpata
1685 427 1768 463 est:
1806 422 1844 462 V

351 490 455 529 1305
496 488 565 529 Sis-
603 487 693 529 alid
726 502 778 527 «sxa
810 487 894 527 alio
920 487 1095 539 superii?
1125 487 1341 528 discordia
1378 488 1526 540 tristis,
1558 489 1629 529 ubi
1661 502 1844 543 praepo-

345 557 442 597 sitio
475 557 529 597 ad
561 557 740 598 localem
772 557 994 597 notionem
1026 556 1214 599 accedit:
1247 555 1308 597 cfr
1339 557 1534 598 Hertzius
1568 571 1603 610 p.
1634 558 1700 598 41.

820 695 854 733 3.
914 691 1136 732 Ablativus
1167 694 1376 733 materiae.

481 794 586 837 Cum
634 795 820 836 ablativo
869 795 1043 846 originis
1089 800 1180 836 arte
1227 795 1429 836 cohaeret
1477 800 1605 849 atque
1648 798 1844 849 congruit

344 863 567 915 ablativus,
601 877 685 917 quo
719 864 897 916 exprimi
930 863 1122 904 videmus
1154 867 1298 916 partes
1330 864 1395 904 vel
1425 865 1662 915 materiam,
1686 877 1735 906 ex
1759 878 1844 918 qua

343 931 501 984 aliquid
534 936 702 973 constat
735 932 801 973 vel
823 931 1109 983 compositum
1135 936 1199 972 est
1233 931 1522 984 (ablativus
1555 933 1844 986 materiae).

342 1000 482 1052 Atque
528 1001 716 1041 sermoni
764 1000 1017 1041 Lucretiano
1065 1000 1104 1039 id
1138 1000 1355 1052 proprium
1389 1012 1483 1041 esse
1514 1001 1764 1053 reperimus,
1800 1007 1844 1041 ut

341 1068 478 1108 nudus
511 1067 721 1109 ablativus
755 1067 895 1109 verbis
928 1067 1161 1108 sons-tandi
1191 1066 1389 1118 sia-ivm&
1421 1068 1601 1121 aliisque
1635 1069 1841 1121 adiunga-

341 1142 419 1187 tur,
456 1149 566 1189 quae
598 1137 831 1177 ablativum
866 1149 888 1177 e
919 1137 1239 1188 praepositione
1270 1136 1527 1189 pendentem
1559 1137 1673 1189 apud
1695 1137 1843 1178 classi-

341 1218 416 1245 cos
462 1206 694 1257 scriptores
733 1206 960 1246 adsumere
992 1206 1139 1246 solent.
1200 1205 1288 1246 Nec
1321 1205 1556 1256 defuerunt,
1590 1205 1661 1258 qui
1693 1206 1843 1246 ablati-

343 1286 438 1313 vum
487 1275 693 1314 materiae
740 1274 793 1314 ad
840 1273 1071 1314 ablativum
1119 1273 1334 1325 proprium
1384 1274 1597 1325 pertinere
1636 1278 1845 1326 negantes
1897 1327 1902 1333 .

341 1341 652 1382 instrumentali
698 1342 850 1382 saltem
889 1341 1202 1393 significatione
1234 1341 1471 1394 praeditum
1507 1347 1603 1394 post
1635 1341 1842 1383 eiusmodi

339 1409 469 1450 verba
501 1410 699 1463 usurpari
730 1411 1054 1451 contenderent.
1117 1410 1263 1463 Itaque
1291 1409 1608 1461 Delbrueckius,
1641 1422 1737 1450 cum
1767 1422 1846 1450 an-

338 1484 407 1519 tea
439 1478 554 1518 ALI
586 1492 622 1531 p.
660 1480 708 1519 16
741 1492 802 1532 sq.
837 1483 934 1530 post
965 1478 1162 1529 sitm'vwll
1193 1477 1369 1519 verbum
1403 1478 1638 1519 ablativum
1670 1479 1844 1518 statuis-

338 1553 414 1598 set,
448 1560 584 1599 nuper
614 1547 730 1601 Synt.
767 1561 802 1600 p.
834 1548 930 1599 209,
963 1548 1044 1588 248
1068 1559 1162 1588 sese
1185 1547 1238 1588 ad
1261 1547 1630 1589 instrumentalem
1653 1552 1844 1589 statuen-

338 1617 436 1656 dum
484 1617 811 1669 propensiorem
848 1629 944 1658 esse
976 1617 1045 1657 ait.
1108 1616 1264 1658 Verum
1298 1616 1397 1657 licet
1429 1616 1570 1656 multis
1602 1628 1707 1657 sane
1740 1616 1846 1657 locis

339 1689 478 1724 utrum
527 1683 738 1725 ablativus
781 1697 836 1725 an
870 1685 1206 1725 instrumentalis
1239 1688 1439 1725 occurrat
1470 1684 1559 1724 iure
1591 1684 1635 1724 in
1668 1683 1843 1724 dubium

339 1753 483 1793 vocari
515 1753 662 1805 possit,
696 1753 809 1794 haud
843 1766 939 1795 raro
973 1759 1116 1794 tamen
1141 1758 1186 1793 ut
1208 1753 1320 1805 apud
1344 1752 1586 1794 Lucretium
1610 1752 1843 1794 ablativum

338 1821 544 1862 materiae
576 1822 821 1873 separativa
850 1821 1162 1872 significatione
1185 1821 1485 1873 accipiendum
1507 1833 1603 1862 esse
1624 1826 1767 1873 putem
1792 1833 1843 1861 ea

338 1889 522 1930 maxime
552 1902 597 1930 re
630 1890 832 1941 adducor,
867 1890 981 1943 quod
1004 1890 1215 1930 ablativus
1240 1889 1496 1942 separativis
1519 1901 1541 1930 e
1564 1889 1843 1942 praepositio-

338 1957 461 1998 nibus
484 1959 674 2011 pendens
698 1960 746 1999 iis
768 1959 909 2001 verbis
931 1971 1243 2012 saepenumero
1263 1957 1529 1999 adscribitur.
1564 1957 1724 2008 Restat,
1741 1962 1786 1998 ut
1801 1957 1842 1997 id

337 2039 507 2079 quoque
555 2040 946 2069 commemoremus
992 2027 1225 2068 ablativum
1267 2027 1474 2068 materiae
1515 2026 1623 2068 adeo
1670 2025 1840 2067 affinem

337 2094 532 2136 ablativis
577 2097 808 2137 comitatus
854 2102 895 2138 et
941 2097 1158 2149 qualitatis
1196 2095 1408 2137 interdum
1443 2107 1663 2148 apparere,
1698 2095 1765 2135 vix
1796 2099 1843 2135 ut

336 2164 520 2204 discerni
566 2165 711 2217 possit.
772 2165 896 2218 Apud
944 2165 1185 2206 Lucretium
1232 2165 1338 2205 haec
1384 2164 1658 2205 inveniuntur
1690 2161 1838 2213 verba,

337 2231 490 2285 quibus
523 2233 734 2274 ablativus
767 2234 974 2274 materiae
1007 2233 1247 2287 apponitur.

993 2357 1029 2398 V
1041 2369 1063 2398 e
1075 2370 1095 2397 r
1111 2357 1134 2397 b
1145 2369 1188 2397 a:

913 2450 947 2478 a.
981 2437 1263 2478 intransitiva.

471 2552 570 2579 esse.
622 2539 637 2580 I
659 2540 752 2591 9133
775 2540 806 2580 ΙΙ
827 2541 910 2582 393
931 2540 1024 2580 Ant
1044 2539 1163 2591 qaia,
1189 2539 1234 2580 ni
1259 2539 1430 2591 miram„
1452 2538 1592 2580 maio
1609 2538 1688 2579 rib
1704 2552 1759 2579 218
1778 2541 1841 2580 est

336 2606 614 2648 “lrfltlvnfss
645 2607 738 2647 Ant
769 2607 908 2661 iimyis
942 2607 1141 2647 ‘inmitis
1174 2607 1289 2648 inter
1319 2622 1362 2647 se
1385 2620 1556 2659 sterque
1578 2606 1838 2659 plicatis:

333 2674 417 2715 445
454 2674 576 2715 Hae(-
618 2675 756 2729 misyis
789 2674 988 2715 amentis
1020 2675 1135 2717 inm·
1165 2691 1255 2716 sexo
1289 2689 1377 2716 casn
1411 2677 1642 2726 izos-esses&
1674 2674 1723 2716 ΙΙΙ
1754 2676 1835 2716 217
1870 2712 1872 2715 .

335 2741 453 2796 Ergyo
502 2742 697 2783 (citimam
747 2746 876 2783 fotum.
901 2743 1205 2796 perpure-22<
1247 2757 1334 2783 ν33ν
1369 2745 1580 2784 necessest
1611 2741 1836 2784 Semini-

334 2809 450 2857 bus,
500 2824 658 2851 nesam
698 2824 783 2863 pm·
817 2825 949 2853 renus
984 2811 1147 2852 sixcera.
1180 2824 1362 2858 w17·2:03;
1394 2811 1451 2852 ibi
1484 2810 1685 2852 Heinzius
1716 2823 1835 2852 com-
