<?xml version="1.0" encoding="UTF-8"?>
<!DOCTYPE html PUBLIC "-//W3C//DTD XHTML 1.0 Transitional//EN"
    "http://www.w3.org/TR/xhtml1/DTD/xhtml1-transitional.dtd">
<html xmlns="http://www.w3.org/1999/xhtml" xml:lang="en" lang="en">
 <head>
  <title>
</title>
<meta http-equiv="Content-Type" content="text/html;charset=utf-8" />
  <meta name='ocr-system' content='tesseract 3.04.00' />
  <meta name='ocr-capabilities' content='ocr_page ocr_carea ocr_par ocr_line ocrx_word'/>
</head>
<body>
  <div class='ocr_page' id='page_1' title='image "./decasuumsyntaxil02hiduoft_0157.png"; bbox 0 0 1932 3327; ppageno 0'>
   <div class='ocr_carea' id='block_1_1' title="bbox 89 742 1587 1713">
    <p class='ocr_par' dir='ltr' id='par_1_1' title="bbox 89 742 1587 1713">
     <span class='ocr_line' id='line_1_1' title="bbox 94 742 1583 826; baseline 0.001 -13"><span class='ocrx_word' id='word_1_1' title='bbox 94 742 322 822; x_wconf 82' lang='lat' dir='ltr'>Triennio</span> <span class='ocrx_word' id='word_1_2' title='bbox 355 781 440 826; x_wconf 89' lang='lat' dir='ltr'>post</span> <span class='ocrx_word' id='word_1_3' title='bbox 473 788 589 825; x_wconf 78' lang='lat' dir='ltr'>quam</span> <span class='ocrx_word' id='word_1_4' title='bbox 623 788 737 813; x_wconf 88' lang='lat' dir='ltr'>usum</span> <span class='ocrx_word' id='word_1_5' title='bbox 769 777 997 814; x_wconf 66' lang='lat' dir='ltr'>nominativi</span> <span class='ocrx_word' id='word_1_6' title='bbox 1029 778 1196 815; x_wconf 77' lang='lat' dir='ltr'>vocativi</span> <span class='ocrx_word' id='word_1_7' title='bbox 1229 779 1441 815; x_wconf 73' lang='lat' dir='ltr'>accusativi</span> <span class='ocrx_word' id='word_1_8' title='bbox 1465 778 1583 815; x_wconf 67' lang='lat' dir='ltr'>dativi</span> 
     </span>
     <span class='ocr_line' id='line_1_2' title="bbox 92 844 1586 894; baseline 0.001 -13"><span class='ocrx_word' id='word_1_9' title='bbox 92 844 367 882; x_wconf 80' lang='lat' dir='ltr'>Lucretianum</span> <span class='ocrx_word' id='word_1_10' title='bbox 412 849 681 890; x_wconf 74' lang='lat' dir='ltr'>tractaveram,</span> <span class='ocrx_word' id='word_1_11' title='bbox 730 857 829 894; x_wconf 83' lang='lat' dir='ltr'>quae</span> <span class='ocrx_word' id='word_1_12' title='bbox 876 845 923 882; x_wconf 89' lang='lat' dir='ltr'>de</span> <span class='ocrx_word' id='word_1_13' title='bbox 969 845 1148 883; x_wconf 75' lang='lat' dir='ltr'>ablativis</span> <span class='ocrx_word' id='word_1_14' title='bbox 1195 846 1379 883; x_wconf 79' lang='lat' dir='ltr'>carminis</span> <span class='ocrx_word' id='word_1_15' title='bbox 1419 846 1586 884; x_wconf 79' lang='lat' dir='ltr'>Lucretii</span> 
     </span>
     <span class='ocr_line' id='line_1_3' title="bbox 93 912 1587 964; baseline 0.001 -15"><span class='ocrx_word' id='word_1_16' title='bbox 93 913 310 962; x_wconf 74' lang='lat' dir='ltr'>conscripsi</span> <span class='ocrx_word' id='word_1_17' title='bbox 356 913 457 962; x_wconf 70' lang='lat' dir='ltr'>typis</span> <span class='ocrx_word' id='word_1_18' title='bbox 503 913 695 962; x_wconf 85' lang='lat' dir='ltr'>impressa</span> <span class='ocrx_word' id='word_1_19' title='bbox 739 912 824 950; x_wconf 87' lang='lat' dir='ltr'>edo.</span> <span class='ocrx_word' id='word_1_20' title='bbox 885 913 966 950; x_wconf 87' lang='lat' dir='ltr'>Hac</span> <span class='ocrx_word' id='word_1_21' title='bbox 1005 926 1162 963; x_wconf 82' lang='lat' dir='ltr'>quoque</span> <span class='ocrx_word' id='word_1_22' title='bbox 1194 914 1232 950; x_wconf 93' lang='lat' dir='ltr'>in</span> <span class='ocrx_word' id='word_1_23' title='bbox 1266 918 1373 963; x_wconf 87' lang='lat' dir='ltr'>parte</span> <span class='ocrx_word' id='word_1_24' title='bbox 1405 913 1587 964; x_wconf 67' lang='lat' dir='ltr'>Syntaxis</span> 
     </span>
     <span class='ocr_line' id='line_1_4' title="bbox 92 980 1587 1031; baseline 0.001 -14"><span class='ocrx_word' id='word_1_25' title='bbox 92 980 345 1018; x_wconf 87' lang='lat' dir='ltr'>Lucretianae</span> <span class='ocrx_word' id='word_1_26' title='bbox 383 980 549 1017; x_wconf 90' lang='lat' dir='ltr'>eandem</span> <span class='ocrx_word' id='word_1_27' title='bbox 587 992 705 1029; x_wconf 81' lang='lat' dir='ltr'>quam</span> <span class='ocrx_word' id='word_1_28' title='bbox 738 986 851 1017; x_wconf 83' lang='lat' dir='ltr'>antea</span> <span class='ocrx_word' id='word_1_29' title='bbox 883 981 1073 1018; x_wconf 87' lang='lat' dir='ltr'>rationem</span> <span class='ocrx_word' id='word_1_30' title='bbox 1105 987 1263 1019; x_wconf 89' lang='lat' dir='ltr'>secutus</span> <span class='ocrx_word' id='word_1_31' title='bbox 1295 994 1395 1028; x_wconf 86' lang='lat' dir='ltr'>sum,</span> <span class='ocrx_word' id='word_1_32' title='bbox 1427 994 1506 1031; x_wconf 86' lang='lat' dir='ltr'>qua</span> <span class='ocrx_word' id='word_1_33' title='bbox 1540 982 1587 1019; x_wconf 90' lang='lat' dir='ltr'>de</span> 
     </span>
     <span class='ocr_line' id='line_1_5' title="bbox 93 1049 1586 1099; baseline 0.001 -13"><span class='ocrx_word' id='word_1_34' title='bbox 93 1061 132 1086; x_wconf 88' lang='lat' dir='ltr'>re</span> <span class='ocrx_word' id='word_1_35' title='bbox 178 1049 214 1085; x_wconf 91' lang='lat' dir='ltr'>in</span> <span class='ocrx_word' id='word_1_36' title='bbox 260 1049 500 1098; x_wconf 75' lang='lat' dir='ltr'>praefatione</span> <span class='ocrx_word' id='word_1_37' title='bbox 547 1049 684 1098; x_wconf 87' lang='lat' dir='ltr'>prioris</span> <span class='ocrx_word' id='word_1_38' title='bbox 730 1050 850 1098; x_wconf 84' lang='lat' dir='ltr'>partis</span> <span class='ocrx_word' id='word_1_39' title='bbox 896 1050 989 1086; x_wconf 85' lang='lat' dir='ltr'>satis</span> <span class='ocrx_word' id='word_1_40' title='bbox 1030 1050 1087 1099; x_wconf 80' lang='lat' dir='ltr'>egi</span> <span class='ocrx_word' id='word_1_41' title='bbox 1106 1050 1147 1099; x_wconf 23' lang='lat'>1¹».</span> <span class='ocrx_word' id='word_1_42' title='bbox 1207 1050 1364 1098; x_wconf 82' lang='lat' dir='ltr'>Praeter</span> <span class='ocrx_word' id='word_1_43' title='bbox 1395 1050 1586 1087; x_wconf 78' lang='lat' dir='ltr'>editiones</span> 
     </span>
     <span class='ocr_line' id='line_1_6' title="bbox 93 1117 1587 1168; baseline 0.001 -14"><span class='ocrx_word' id='word_1_44' title='bbox 93 1129 190 1167; x_wconf 78' lang='lat' dir='ltr'>quas</span> <span class='ocrx_word' id='word_1_45' title='bbox 236 1122 350 1155; x_wconf 90' lang='lat' dir='ltr'>antea</span> <span class='ocrx_word' id='word_1_46' title='bbox 394 1118 431 1154; x_wconf 93' lang='lat' dir='ltr'>in</span> <span class='ocrx_word' id='word_1_47' title='bbox 479 1130 594 1154; x_wconf 84' lang='lat' dir='ltr'>usum</span> <span class='ocrx_word' id='word_1_48' title='bbox 639 1130 770 1154; x_wconf 89' lang='lat' dir='ltr'>meum</span> <span class='ocrx_word' id='word_1_49' title='bbox 810 1117 970 1154; x_wconf 79' lang='lat' dir='ltr'>adhibui</span> <span class='ocrx_word' id='word_1_50' title='bbox 1011 1130 1135 1167; x_wconf 82' lang='lat' dir='ltr'>nuper</span> <span class='ocrx_word' id='word_1_51' title='bbox 1166 1118 1260 1155; x_wconf 84' lang='lat' dir='ltr'>milii</span> <span class='ocrx_word' id='word_1_52' title='bbox 1293 1123 1447 1168; x_wconf 86' lang='lat' dir='ltr'>praesto</span> <span class='ocrx_word' id='word_1_53' title='bbox 1481 1119 1587 1156; x_wconf 80' lang='lat' dir='ltr'>fuere</span> 
     </span>
     <span class='ocr_line' id='line_1_7' title="bbox 94 1184 1583 1236; baseline 0.001 -14"><span class='ocrx_word' id='word_1_54' title='bbox 94 1184 181 1222; x_wconf 84' lang='lat' dir='ltr'>libri</span> <span class='ocrx_word' id='word_1_55' title='bbox 213 1185 436 1223; x_wconf 84' lang='lat' dir='ltr'>Giussani</span> <span class='ocrx_word' id='word_1_56' title='bbox 468 1190 504 1223; x_wconf 92' lang='lat' dir='ltr'>et</span> <span class='ocrx_word' id='word_1_57' title='bbox 535 1185 734 1223; x_wconf 87' lang='lat' dir='ltr'>Heinzii.</span> <span class='ocrx_word' id='word_1_58' title='bbox 795 1185 841 1222; x_wconf 81' lang='lat' dir='ltr'>Et</span> <span class='ocrx_word' id='word_1_59' title='bbox 873 1186 1110 1223; x_wconf 82' lang='lat' dir='ltr'>Giussanum</span> <span class='ocrx_word' id='word_1_60' title='bbox 1135 1186 1294 1236; x_wconf 86' lang='lat' dir='ltr'>quidem</span> <span class='ocrx_word' id='word_1_61' title='bbox 1320 1199 1391 1223; x_wconf 87' lang='lat' dir='ltr'>sua</span> <span class='ocrx_word' id='word_1_62' title='bbox 1414 1186 1583 1224; x_wconf 84' lang='lat' dir='ltr'>editione</span> 
     </span>
     <span class='ocr_line' id='line_1_8' title="bbox 91 1253 1582 1304; baseline 0.001 -14"><span class='ocrx_word' id='word_1_63' title='bbox 91 1254 271 1304; x_wconf 85' lang='lat' dir='ltr'>quamvis</span> <span class='ocrx_word' id='word_1_64' title='bbox 311 1253 359 1291; x_wconf 89' lang='lat' dir='ltr'>ad</span> <span class='ocrx_word' id='word_1_65' title='bbox 398 1254 567 1291; x_wconf 87' lang='lat' dir='ltr'>rationes</span> <span class='ocrx_word' id='word_1_66' title='bbox 599 1254 835 1303; x_wconf 63' lang='lat' dir='ltr'>syntacticas</span> <span class='ocrx_word' id='word_1_67' title='bbox 868 1254 1119 1292; x_wconf 85' lang='lat' dir='ltr'>illustrandas</span> <span class='ocrx_word' id='word_1_68' title='bbox 1151 1254 1251 1292; x_wconf 87' lang='lat' dir='ltr'>ultra</span> <span class='ocrx_word' id='word_1_69' title='bbox 1282 1254 1485 1292; x_wconf 83' lang='lat' dir='ltr'>Munronis</span> <span class='ocrx_word' id='word_1_70' title='bbox 1519 1255 1582 1293; x_wconf 85' lang='lat' dir='ltr'>ad-</span> 
     </span>
     <span class='ocr_line' id='line_1_9' title="bbox 89 1321 1586 1372; baseline 0.002 -14"><span class='ocrx_word' id='word_1_71' title='bbox 89 1322 308 1359; x_wconf 75' lang='lat' dir='ltr'>notationes</span> <span class='ocrx_word' id='word_1_72' title='bbox 339 1333 417 1358; x_wconf 88' lang='lat' dir='ltr'>non</span> <span class='ocrx_word' id='word_1_73' title='bbox 450 1321 571 1358; x_wconf 87' lang='lat' dir='ltr'>multa</span> <span class='ocrx_word' id='word_1_74' title='bbox 603 1321 785 1368; x_wconf 86' lang='lat' dir='ltr'>attulerit,</span> <span class='ocrx_word' id='word_1_75' title='bbox 818 1321 914 1359; x_wconf 90' lang='lat' dir='ltr'>locis</span> <span class='ocrx_word' id='word_1_76' title='bbox 944 1322 1188 1372; x_wconf 79' lang='lat' dir='ltr'>explicandis</span> <span class='ocrx_word' id='word_1_77' title='bbox 1211 1322 1376 1360; x_wconf 89' lang='lat' dir='ltr'>multum</span> <span class='ocrx_word' id='word_1_78' title='bbox 1401 1323 1586 1372; x_wconf 84' lang='lat' dir='ltr'>prodesse</span> 
     </span>
     <span class='ocr_line' id='line_1_10' title="bbox 90 1390 1586 1440; baseline 0.001 -14"><span class='ocrx_word' id='word_1_79' title='bbox 90 1395 192 1427; x_wconf 89' lang='lat' dir='ltr'>certe</span> <span class='ocrx_word' id='word_1_80' title='bbox 239 1394 389 1439; x_wconf 86' lang='lat' dir='ltr'>oportet</span> <span class='ocrx_word' id='word_1_81' title='bbox 435 1390 610 1436; x_wconf 86' lang='lat' dir='ltr'>concedi,</span> <span class='ocrx_word' id='word_1_82' title='bbox 653 1391 797 1440; x_wconf 84' lang='lat' dir='ltr'>quippe</span> <span class='ocrx_word' id='word_1_83' title='bbox 837 1391 901 1440; x_wconf 80' lang='lat' dir='ltr'>qui</span> <span class='ocrx_word' id='word_1_84' title='bbox 943 1391 1155 1428; x_wconf 85' lang='lat' dir='ltr'>sententias</span> <span class='ocrx_word' id='word_1_85' title='bbox 1188 1390 1378 1428; x_wconf 88' lang='lat' dir='ltr'>editorum</span> <span class='ocrx_word' id='word_1_86' title='bbox 1412 1395 1448 1428; x_wconf 87' lang='lat' dir='ltr'>et</span> <span class='ocrx_word' id='word_1_87' title='bbox 1479 1404 1586 1428; x_wconf 89' lang='lat' dir='ltr'>com-</span> 
     </span>
     <span class='ocr_line' id='line_1_11' title="bbox 91 1458 1585 1509; baseline 0.001 -15"><span class='ocrx_word' id='word_1_88' title='bbox 91 1461 351 1495; x_wconf 87' lang='lat' dir='ltr'>mentatorum</span> <span class='ocrx_word' id='word_1_89' title='bbox 406 1458 503 1494; x_wconf 84' lang='lat' dir='ltr'>inter</span> <span class='ocrx_word' id='word_1_90' title='bbox 553 1470 594 1495; x_wconf 92' lang='lat' dir='ltr'>se</span> <span class='ocrx_word' id='word_1_91' title='bbox 644 1458 839 1495; x_wconf 71' lang='lat' dir='ltr'>variantes</span> <span class='ocrx_word' id='word_1_92' title='bbox 885 1459 1180 1496; x_wconf 73' lang='lat' dir='ltr'>accuratissime</span> <span class='ocrx_word' id='word_1_93' title='bbox 1227 1458 1424 1508; x_wconf 77' lang='lat' dir='ltr'>collegerit</span> <span class='ocrx_word' id='word_1_94' title='bbox 1470 1464 1585 1509; x_wconf 82' lang='lat' dir='ltr'>atque</span> 
     </span>
     <span class='ocr_line' id='line_1_12' title="bbox 92 1524 1587 1577; baseline 0.002 -15"><span class='ocrx_word' id='word_1_95' title='bbox 92 1526 311 1563; x_wconf 77' lang='lat' dir='ltr'>tractaverit</span> <span class='ocrx_word' id='word_1_96' title='bbox 327 1524 370 1575; x_wconf 54' lang='lat'>2).</span> <span class='ocrx_word' id='word_1_97' title='bbox 430 1525 564 1576; x_wconf 77' lang='lat' dir='ltr'>Neque</span> <span class='ocrx_word' id='word_1_98' title='bbox 612 1527 648 1563; x_wconf 91' lang='lat' dir='ltr'>in</span> <span class='ocrx_word' id='word_1_99' title='bbox 695 1526 793 1564; x_wconf 85' lang='lat' dir='ltr'>libro</span> <span class='ocrx_word' id='word_1_100' title='bbox 841 1528 950 1564; x_wconf 85' lang='lat' dir='ltr'>tertio</span> <span class='ocrx_word' id='word_1_101' title='bbox 998 1526 1231 1576; x_wconf 78' lang='lat' dir='ltr'>explicando</span> <span class='ocrx_word' id='word_1_102' title='bbox 1277 1527 1426 1565; x_wconf 88' lang='lat' dir='ltr'>Heinzii</span> <span class='ocrx_word' id='word_1_103' title='bbox 1468 1540 1587 1577; x_wconf 88' lang='lat' dir='ltr'>opera</span> 
     </span>
     <span class='ocr_line' id='line_1_13' title="bbox 91 1594 1585 1645; baseline 0.001 -15"><span class='ocrx_word' id='word_1_104' title='bbox 91 1594 199 1644; x_wconf 83' lang='lat' dir='ltr'>parvi</span> <span class='ocrx_word' id='word_1_105' title='bbox 231 1598 288 1631; x_wconf 86' lang='lat' dir='ltr'>est</span> <span class='ocrx_word' id='word_1_106' title='bbox 320 1594 574 1631; x_wconf 84' lang='lat' dir='ltr'>aestimanda.</span> <span class='ocrx_word' id='word_1_107' title='bbox 636 1594 839 1632; x_wconf 86' lang='lat' dir='ltr'>Praeterea</span> <span class='ocrx_word' id='word_1_108' title='bbox 871 1595 908 1632; x_wconf 91' lang='lat' dir='ltr'>in</span> <span class='ocrx_word' id='word_1_109' title='bbox 943 1595 1015 1632; x_wconf 84' lang='lat' dir='ltr'>hac</span> <span class='ocrx_word' id='word_1_110' title='bbox 1048 1595 1331 1632; x_wconf 85' lang='lat' dir='ltr'>dissertationis</span> <span class='ocrx_word' id='word_1_111' title='bbox 1364 1600 1469 1645; x_wconf 79' lang='lat' dir='ltr'>parte</span> <span class='ocrx_word' id='word_1_112' title='bbox 1493 1608 1585 1632; x_wconf 80' lang='lat' dir='ltr'>con-</span> 
     </span>
     <span class='ocr_line' id='line_1_14' title="bbox 91 1661 1586 1713; baseline 0.001 -14"><span class='ocrx_word' id='word_1_113' title='bbox 91 1661 257 1699; x_wconf 84' lang='lat' dir='ltr'>ficienda</span> <span class='ocrx_word' id='word_1_114' title='bbox 302 1661 514 1699; x_wconf 81' lang='lat' dir='ltr'>nonnullos</span> <span class='ocrx_word' id='word_1_115' title='bbox 562 1662 679 1699; x_wconf 88' lang='lat' dir='ltr'>libros</span> <span class='ocrx_word' id='word_1_116' title='bbox 718 1662 892 1709; x_wconf 81' lang='lat' dir='ltr'>adhibui,</span> <span class='ocrx_word' id='word_1_117' title='bbox 926 1663 973 1700; x_wconf 88' lang='lat' dir='ltr'>de</span> <span class='ocrx_word' id='word_1_118' title='bbox 1005 1662 1149 1713; x_wconf 79' lang='lat' dir='ltr'>quibus</span> <span class='ocrx_word' id='word_1_119' title='bbox 1182 1668 1317 1713; x_wconf 86' lang='lat' dir='ltr'>postea</span> <span class='ocrx_word' id='word_1_120' title='bbox 1348 1664 1586 1701; x_wconf 82' lang='lat' dir='ltr'>mentionem</span> 
     </span>
    </p>
   </div>
   <div class='ocr_carea' id='block_1_2' title="bbox 1556 1728 1567 1742">
    <p class='ocr_par' dir='ltr' id='par_1_2' title="bbox 1556 1728 1567 1742">
     <span class='ocr_line' id='line_1_15' title="bbox 1556 1728 1567 1742; baseline 0 0"><span class='ocrx_word' id='word_1_121' title='bbox 1556 1728 1567 1742; x_wconf 74' lang='grc'><strong><em>&lt;</em></strong></span> 
     </span>
    </p>
   </div>
   <div class='ocr_carea' id='block_1_3' title="bbox 92 1728 294 1778">
    <p class='ocr_par' dir='ltr' id='par_1_3' title="bbox 92 1728 294 1778">
     <span class='ocr_line' id='line_1_16' title="bbox 92 1728 294 1778; baseline 0 -12"><span class='ocrx_word' id='word_1_122' title='bbox 92 1729 232 1767; x_wconf 86' lang='lat' dir='ltr'>faciam</span> <span class='ocrx_word' id='word_1_123' title='bbox 252 1728 294 1778; x_wconf 80' lang='lat'>3).</span> 
     </span>
    </p>
   </div>
   <div class='ocr_carea' id='block_1_4' title="bbox 87 1872 1587 2033">
    <p class='ocr_par' dir='ltr' id='par_1_4' title="bbox 87 1872 1587 2033">
     <span class='ocr_line' id='line_1_17' title="bbox 225 1872 1587 1920; baseline 0.002 -13"><span class='ocrx_word' id='word_1_124' title='bbox 225 1875 250 1918; x_wconf 91' lang='lat'>¹)</span> <span class='ocrx_word' id='word_1_125' title='bbox 287 1874 414 1914; x_wconf 81' lang='lat' dir='ltr'>Quare</span> <span class='ocrx_word' id='word_1_126' title='bbox 450 1872 531 1908; x_wconf 83' lang='lat' dir='ltr'>fere</span> <span class='ocrx_word' id='word_1_127' title='bbox 556 1885 708 1919; x_wconf 81' lang='lat' dir='ltr'>semper</span> <span class='ocrx_word' id='word_1_128' title='bbox 734 1886 821 1908; x_wconf 88' lang='lat' dir='ltr'>cum</span> <span class='ocrx_word' id='word_1_129' title='bbox 847 1874 1019 1908; x_wconf 88' lang='lat' dir='ltr'>numeris</span> <span class='ocrx_word' id='word_1_130' title='bbox 1045 1874 1197 1920; x_wconf 85' lang='lat' dir='ltr'>signavi</span> <span class='ocrx_word' id='word_1_131' title='bbox 1222 1886 1387 1918; x_wconf 79' lang='lat' dir='ltr'>versum,</span> <span class='ocrx_word' id='word_1_132' title='bbox 1415 1876 1480 1910; x_wconf 90' lang='lat' dir='ltr'>ubi</span> <span class='ocrx_word' id='word_1_133' title='bbox 1506 1880 1587 1910; x_wconf 81' lang='lat' dir='ltr'>erat</span> 
     </span>
     <span class='ocr_line' id='line_1_18' title="bbox 88 1930 1587 1978; baseline 0.002 -14"><span class='ocrx_word' id='word_1_134' title='bbox 88 1941 200 1965; x_wconf 85' lang='lat' dir='ltr'>casus</span> <span class='ocrx_word' id='word_1_135' title='bbox 236 1930 282 1964; x_wconf 89' lang='lat' dir='ltr'>de</span> <span class='ocrx_word' id='word_1_136' title='bbox 319 1941 393 1975; x_wconf 87' lang='lat' dir='ltr'>quo</span> <span class='ocrx_word' id='word_1_137' title='bbox 427 1930 488 1974; x_wconf 86' lang='lat' dir='ltr'>egi</span> <span class='ocrx_word' id='word_1_138' title='bbox 527 1935 749 1976; x_wconf 84' lang='lat' dir='ltr'>usurpatus,</span> <span class='ocrx_word' id='word_1_139' title='bbox 775 1936 817 1965; x_wconf 89' lang='lat' dir='ltr'>ut</span> <span class='ocrx_word' id='word_1_140' title='bbox 843 1936 945 1966; x_wconf 85' lang='lat' dir='ltr'>esset</span> <span class='ocrx_word' id='word_1_141' title='bbox 969 1932 1077 1966; x_wconf 86' lang='lat' dir='ltr'>locus</span> <span class='ocrx_word' id='word_1_142' title='bbox 1102 1936 1205 1966; x_wconf 84' lang='lat' dir='ltr'>recte</span> <span class='ocrx_word' id='word_1_143' title='bbox 1230 1933 1417 1978; x_wconf 86' lang='lat' dir='ltr'>signatus,</span> <span class='ocrx_word' id='word_1_144' title='bbox 1443 1933 1475 1967; x_wconf 91' lang='lat' dir='ltr'>si</span> <span class='ocrx_word' id='word_1_145' title='bbox 1501 1933 1587 1978; x_wconf 88' lang='lat' dir='ltr'>quis</span> 
     </span>
     <span class='ocr_line' id='line_1_19' title="bbox 87 1987 1480 2033; baseline 0.001 -11"><span class='ocrx_word' id='word_1_146' title='bbox 87 1987 263 2033; x_wconf 82' lang='lat' dir='ltr'>exemplo</span> <span class='ocrx_word' id='word_1_147' title='bbox 289 1987 487 2022; x_wconf 86' lang='lat' dir='ltr'>decurtato</span> <span class='ocrx_word' id='word_1_148' title='bbox 514 1999 645 2023; x_wconf 88' lang='lat' dir='ltr'>casum</span> <span class='ocrx_word' id='word_1_149' title='bbox 670 1989 797 2022; x_wconf 82' lang='lat' dir='ltr'>solum</span> <span class='ocrx_word' id='word_1_150' title='bbox 825 1989 992 2023; x_wconf 88' lang='lat' dir='ltr'>nominis</span> <span class='ocrx_word' id='word_1_151' title='bbox 1018 2001 1106 2022; x_wconf 88' lang='lat' dir='ltr'>cum</span> <span class='ocrx_word' id='word_1_152' title='bbox 1130 1989 1248 2023; x_wconf 85' lang='lat' dir='ltr'>verbo</span> <span class='ocrx_word' id='word_1_153' title='bbox 1274 1990 1480 2024; x_wconf 81' lang='lat' dir='ltr'>attulisset.</span> 
     </span>
    </p>
   </div>
   <div class='ocr_carea' id='block_1_5' title="bbox 86 2055 1586 2215">
    <p class='ocr_par' dir='ltr' id='par_1_5' title="bbox 86 2055 1586 2215">
     <span class='ocr_line' id='line_1_20' title="bbox 223 2055 1586 2098; baseline 0.001 -9"><span class='ocrx_word' id='word_1_154' title='bbox 223 2057 251 2098; x_wconf 77' lang='lat'>²)</span> <span class='ocrx_word' id='word_1_155' title='bbox 285 2055 385 2097; x_wconf 83' lang='lat' dir='ltr'>Quia</span> <span class='ocrx_word' id='word_1_156' title='bbox 415 2056 596 2090; x_wconf 86' lang='lat' dir='ltr'>editionis</span> <span class='ocrx_word' id='word_1_157' title='bbox 633 2056 817 2091; x_wconf 81' lang='lat' dir='ltr'>Giussani</span> <span class='ocrx_word' id='word_1_158' title='bbox 853 2061 876 2090; x_wconf 90' lang='lat' dir='ltr'>t.</span> <span class='ocrx_word' id='word_1_159' title='bbox 901 2056 1088 2090; x_wconf 74' lang='lat' dir='ltr'>iii—[111</span> <span class='ocrx_word' id='word_1_160' title='bbox 1112 2057 1153 2090; x_wconf 88' lang='lat' dir='ltr'>in</span> <span class='ocrx_word' id='word_1_161' title='bbox 1179 2068 1317 2091; x_wconf 88' lang='lat' dir='ltr'>manus</span> <span class='ocrx_word' id='word_1_162' title='bbox 1342 2068 1447 2091; x_wconf 87' lang='lat' dir='ltr'>meas</span> <span class='ocrx_word' id='word_1_163' title='bbox 1472 2068 1586 2091; x_wconf 90' lang='lat' dir='ltr'>vene-</span> 
     </span>
     <span class='ocr_line' id='line_1_21' title="bbox 86 2112 1585 2159; baseline 0.001 -13"><span class='ocrx_word' id='word_1_164' title='bbox 86 2116 188 2155; x_wconf 82' lang='lat' dir='ltr'>runt,</span> <span class='ocrx_word' id='word_1_165' title='bbox 215 2118 420 2158; x_wconf 82' lang='lat' dir='ltr'>postquam</span> <span class='ocrx_word' id='word_1_166' title='bbox 444 2112 536 2147; x_wconf 85' lang='lat' dir='ltr'>haec</span> <span class='ocrx_word' id='word_1_167' title='bbox 560 2124 649 2158; x_wconf 86' lang='lat' dir='ltr'>pars</span> <span class='ocrx_word' id='word_1_168' title='bbox 675 2113 960 2147; x_wconf 83' lang='lat' dir='ltr'>dissertationis</span> <span class='ocrx_word' id='word_1_169' title='bbox 985 2114 1060 2147; x_wconf 90' lang='lat' dir='ltr'>iam</span> <span class='ocrx_word' id='word_1_170' title='bbox 1086 2113 1258 2159; x_wconf 85' lang='lat' dir='ltr'>imprimi</span> <span class='ocrx_word' id='word_1_171' title='bbox 1276 2118 1411 2158; x_wconf 85' lang='lat' dir='ltr'>coepta</span> <span class='ocrx_word' id='word_1_172' title='bbox 1428 2117 1519 2156; x_wconf 86' lang='lat' dir='ltr'>erat,</span> <span class='ocrx_word' id='word_1_173' title='bbox 1538 2114 1585 2148; x_wconf 86' lang='lat' dir='ltr'>ad</span> 
     </span>
     <span class='ocr_line' id='line_1_22' title="bbox 86 2169 1379 2215; baseline 0.001 -12"><span class='ocrx_word' id='word_1_174' title='bbox 86 2169 247 2214; x_wconf 85' lang='lat' dir='ltr'>paginas</span> <span class='ocrx_word' id='word_1_175' title='bbox 274 2170 384 2202; x_wconf 70' lang='lat'>1—48</span> <span class='ocrx_word' id='word_1_176' title='bbox 410 2169 595 2214; x_wconf 84' lang='lat' dir='ltr'>quaedam</span> <span class='ocrx_word' id='word_1_177' title='bbox 621 2170 692 2204; x_wconf 88' lang='lat' dir='ltr'>sub</span> <span class='ocrx_word' id='word_1_178' title='bbox 718 2169 901 2203; x_wconf 87' lang='lat' dir='ltr'>addendis</span> <span class='ocrx_word' id='word_1_179' title='bbox 928 2174 965 2203; x_wconf 82' lang='lat' dir='ltr'>et</span> <span class='ocrx_word' id='word_1_180' title='bbox 992 2170 1228 2215; x_wconf 86' lang='lat' dir='ltr'>corrigendis</span> <span class='ocrx_word' id='word_1_181' title='bbox 1254 2170 1379 2204; x_wconf 79' lang='lat' dir='ltr'>attuli.</span> 
     </span>
    </p>
   </div>
   <div class='ocr_carea' id='block_1_6' title="bbox 89 2237 1586 2848">
    <p class='ocr_par' dir='ltr' id='par_1_6' title="bbox 89 2237 1586 2848">
     <span class='ocr_line' id='line_1_23' title="bbox 223 2237 1582 2284; baseline 0.001 -13"><span class='ocrx_word' id='word_1_182' title='bbox 223 2238 250 2279; x_wconf 82' lang='lat'>³)</span> <span class='ocrx_word' id='word_1_183' title='bbox 286 2237 348 2271; x_wconf 88' lang='lat' dir='ltr'>Ad</span> <span class='ocrx_word' id='word_1_184' title='bbox 384 2237 489 2272; x_wconf 89' lang='lat' dir='ltr'>locos</span> <span class='ocrx_word' id='word_1_185' title='bbox 525 2237 697 2272; x_wconf 84' lang='lat' dir='ltr'>Lucretii</span> <span class='ocrx_word' id='word_1_186' title='bbox 733 2238 981 2283; x_wconf 81' lang='lat' dir='ltr'>explicandos</span> <span class='ocrx_word' id='word_1_187' title='bbox 1017 2238 1257 2272; x_wconf 85' lang='lat' dir='ltr'>Thesaurum</span> <span class='ocrx_word' id='word_1_188' title='bbox 1289 2249 1441 2283; x_wconf 87' lang='lat' dir='ltr'>quoque</span> <span class='ocrx_word' id='word_1_189' title='bbox 1465 2239 1582 2284; x_wconf 87' lang='lat' dir='ltr'>poeti-</span> 
     </span>
     <span class='ocr_line' id='line_1_24' title="bbox 89 2293 1586 2339; baseline 0.001 -11"><span class='ocrx_word' id='word_1_190' title='bbox 89 2306 174 2328; x_wconf 87' lang='lat' dir='ltr'>cum</span> <span class='ocrx_word' id='word_1_191' title='bbox 199 2294 354 2339; x_wconf 85' lang='lat' dir='ltr'>linguae</span> <span class='ocrx_word' id='word_1_192' title='bbox 379 2294 532 2335; x_wconf 78' lang='lat' dir='ltr'>latinae,</span> <span class='ocrx_word' id='word_1_193' title='bbox 560 2306 672 2339; x_wconf 85' lang='lat' dir='ltr'>quem</span> <span class='ocrx_word' id='word_1_194' title='bbox 699 2306 721 2328; x_wconf 89' lang='lat' dir='ltr'>a</span> <span class='ocrx_word' id='word_1_195' title='bbox 746 2295 789 2328; x_wconf 91' lang='lat' dir='ltr'>L.</span> <span class='ocrx_word' id='word_1_196' title='bbox 816 2293 1046 2336; x_wconf 83' lang='lat' dir='ltr'>Quicherato</span> <span class='ocrx_word' id='word_1_197' title='bbox 1073 2294 1271 2329; x_wconf 84' lang='lat' dir='ltr'>conditum</span> <span class='ocrx_word' id='word_1_198' title='bbox 1289 2295 1449 2329; x_wconf 80' lang='lat' dir='ltr'>tertium</span> <span class='ocrx_word' id='word_1_199' title='bbox 1467 2295 1586 2329; x_wconf 79' lang='lat' dir='ltr'>edidit</span> 
     </span>
     <span class='ocr_line' id='line_1_25' title="bbox 89 2350 1586 2398; baseline 0 -12"><span class='ocrx_word' id='word_1_200' title='bbox 89 2353 155 2386; x_wconf 87' lang='lat' dir='ltr'>Ae.</span> <span class='ocrx_word' id='word_1_201' title='bbox 180 2350 444 2386; x_wconf 84' lang='lat' dir='ltr'>Chatelainius</span> <span class='ocrx_word' id='word_1_202' title='bbox 470 2351 629 2386; x_wconf 86' lang='lat' dir='ltr'>Parisiis</span> <span class='ocrx_word' id='word_1_203' title='bbox 654 2363 684 2385; x_wconf 91' lang='lat' dir='ltr'>a.</span> <span class='ocrx_word' id='word_1_204' title='bbox 713 2352 810 2395; x_wconf 73' lang='lat'>1895,</span> <span class='ocrx_word' id='word_1_205' title='bbox 830 2351 1030 2386; x_wconf 87' lang='lat' dir='ltr'>consulere</span> <span class='ocrx_word' id='word_1_206' title='bbox 1049 2351 1211 2386; x_wconf 85' lang='lat' dir='ltr'>decrevi.</span> <span class='ocrx_word' id='word_1_207' title='bbox 1253 2352 1327 2386; x_wconf 86' lang='lat' dir='ltr'>Sed</span> <span class='ocrx_word' id='word_1_208' title='bbox 1344 2352 1450 2386; x_wconf 82' lang='lat' dir='ltr'>brevi</span> <span class='ocrx_word' id='word_1_209' title='bbox 1469 2353 1586 2398; x_wconf 89' lang='lat' dir='ltr'>scrip-</span> 
     </span>
     <span class='ocr_line' id='line_1_26' title="bbox 89 2407 1586 2454; baseline 0.001 -13"><span class='ocrx_word' id='word_1_210' title='bbox 89 2407 187 2442; x_wconf 88' lang='lat' dir='ltr'>turis</span> <span class='ocrx_word' id='word_1_211' title='bbox 223 2407 452 2452; x_wconf 84' lang='lat' dir='ltr'>quibusdam</span> <span class='ocrx_word' id='word_1_212' title='bbox 487 2408 657 2442; x_wconf 84' lang='lat' dir='ltr'>insolitis</span> <span class='ocrx_word' id='word_1_213' title='bbox 694 2408 986 2453; x_wconf 83' lang='lat' dir='ltr'>obstupefactus</span> <span class='ocrx_word' id='word_1_214' title='bbox 1024 2420 1112 2442; x_wconf 87' lang='lat' dir='ltr'>cum</span> <span class='ocrx_word' id='word_1_215' title='bbox 1149 2408 1324 2454; x_wconf 78' lang='lat' dir='ltr'>exempla</span> <span class='ocrx_word' id='word_1_216' title='bbox 1360 2419 1380 2443; x_wconf 90' lang='lat' dir='ltr'>e</span> <span class='ocrx_word' id='word_1_217' title='bbox 1417 2410 1586 2443; x_wconf 87' lang='lat' dir='ltr'>carmine</span> 
     </span>
     <span class='ocr_line' id='line_1_27' title="bbox 89 2463 1585 2510; baseline 0.001 -13"><span class='ocrx_word' id='word_1_218' title='bbox 89 2464 257 2498; x_wconf 85' lang='lat' dir='ltr'>Lucretii</span> <span class='ocrx_word' id='word_1_219' title='bbox 304 2463 530 2509; x_wconf 87' lang='lat' dir='ltr'>deprompta</span> <span class='ocrx_word' id='word_1_220' title='bbox 577 2465 793 2499; x_wconf 84' lang='lat' dir='ltr'>accuratius</span> <span class='ocrx_word' id='word_1_221' title='bbox 834 2466 1125 2506; x_wconf 84' lang='lat' dir='ltr'>examinassem,</span> <span class='ocrx_word' id='word_1_222' title='bbox 1166 2465 1333 2510; x_wconf 83' lang='lat' dir='ltr'>plurima</span> <span class='ocrx_word' id='word_1_223' title='bbox 1372 2465 1489 2500; x_wconf 90' lang='lat' dir='ltr'>verba</span> <span class='ocrx_word' id='word_1_224' title='bbox 1528 2466 1585 2499; x_wconf 89' lang='lat' dir='ltr'>in-</span> 
     </span>
     <span class='ocr_line' id='line_1_28' title="bbox 90 2520 1584 2567; baseline 0.001 -14"><span class='ocrx_word' id='word_1_225' title='bbox 90 2521 179 2554; x_wconf 91' lang='lat' dir='ltr'>veni</span> <span class='ocrx_word' id='word_1_226' title='bbox 226 2521 303 2553; x_wconf 88' lang='lat' dir='ltr'>iam</span> <span class='ocrx_word' id='word_1_227' title='bbox 352 2520 500 2565; x_wconf 87' lang='lat' dir='ltr'>pridem</span> <span class='ocrx_word' id='word_1_228' title='bbox 547 2532 568 2554; x_wconf 86' lang='lat' dir='ltr'>a</span> <span class='ocrx_word' id='word_1_229' title='bbox 617 2521 761 2555; x_wconf 85' lang='lat' dir='ltr'>criticis</span> <span class='ocrx_word' id='word_1_230' title='bbox 809 2521 960 2564; x_wconf 86' lang='lat' dir='ltr'>reiecta,</span> <span class='ocrx_word' id='word_1_231' title='bbox 1002 2521 1104 2555; x_wconf 77' lang='lat' dir='ltr'>inter</span> <span class='ocrx_word' id='word_1_232' title='bbox 1145 2533 1242 2566; x_wconf 84' lang='lat' dir='ltr'>quae</span> <span class='ocrx_word' id='word_1_233' title='bbox 1282 2522 1374 2556; x_wconf 91' lang='lat' dir='ltr'>haec</span> <span class='ocrx_word' id='word_1_234' title='bbox 1414 2521 1584 2567; x_wconf 82' lang='lat' dir='ltr'>profero:</span> 
     </span>
     <span class='ocr_line' id='line_1_29' title="bbox 89 2576 1583 2624; baseline 0 -13"><span class='ocrx_word' id='word_1_235' title='bbox 89 2576 284 2621; x_wconf 75' lang='lat' dir='ltr'>adapertus</span> <span class='ocrx_word' id='word_1_236' title='bbox 324 2576 378 2611; x_wconf 93' lang='lat' dir='ltr'>IV</span> <span class='ocrx_word' id='word_1_237' title='bbox 417 2578 493 2619; x_wconf 78' lang='lat'>321,</span> <span class='ocrx_word' id='word_1_238' title='bbox 533 2578 676 2613; x_wconf 79' lang='lat' dir='ltr'>ambens</span> <span class='ocrx_word' id='word_1_239' title='bbox 717 2578 750 2612; x_wconf 91' lang='lat' dir='ltr'>V</span> <span class='ocrx_word' id='word_1_240' title='bbox 790 2579 866 2621; x_wconf 82' lang='grc'>396,</span> <span class='ocrx_word' id='word_1_241' title='bbox 908 2590 998 2613; x_wconf 80' lang='lat' dir='ltr'>cesse</span> <span class='ocrx_word' id='word_1_242' title='bbox 1034 2578 1053 2612; x_wconf 87' lang='grc' dir='ltr'>Ι</span> <span class='ocrx_word' id='word_1_243' title='bbox 1094 2580 1190 2622; x_wconf 88' lang='grc'><strong>1111,</strong></span> <span class='ocrx_word' id='word_1_244' title='bbox 1228 2582 1380 2624; x_wconf 66' lang='lat' dir='ltr'>exaptus</span> <span class='ocrx_word' id='word_1_245' title='bbox 1417 2579 1471 2613; x_wconf 92' lang='lat' dir='ltr'>IV</span> <span class='ocrx_word' id='word_1_246' title='bbox 1505 2580 1583 2619; x_wconf 80' lang='lat'>829,</span> 
     </span>
     <span class='ocr_line' id='line_1_30' title="bbox 89 2632 1584 2680; baseline 0.001 -13"><span class='ocrx_word' id='word_1_247' title='bbox 89 2633 140 2667; x_wconf 78' lang='lat' dir='ltr'>im</span> <span class='ocrx_word' id='word_1_248' title='bbox 175 2632 235 2666; x_wconf 85' lang='grc' dir='ltr'>ΠΙ</span> <span class='ocrx_word' id='word_1_249' title='bbox 270 2634 347 2676; x_wconf 85' lang='grc'>863,</span> <span class='ocrx_word' id='word_1_250' title='bbox 383 2633 497 2668; x_wconf 74' lang='lat' dir='ltr'>incire</span> <span class='ocrx_word' id='word_1_251' title='bbox 533 2634 566 2668; x_wconf 93' lang='lat' dir='ltr'><strong>V</strong></span> <span class='ocrx_word' id='word_1_252' title='bbox 602 2635 679 2677; x_wconf 78' lang='lat'>962,</span> <span class='ocrx_word' id='word_1_253' title='bbox 711 2634 839 2679; x_wconf 73' lang='lat' dir='ltr'>pluria</span> <span class='ocrx_word' id='word_1_254' title='bbox 877 2635 891 2667; x_wconf 96' lang='lat' dir='ltr'>I</span> <span class='ocrx_word' id='word_1_255' title='bbox 928 2636 1004 2678; x_wconf 76' lang='grc'>878,</span> <span class='ocrx_word' id='word_1_256' title='bbox 1042 2635 1080 2668; x_wconf 85' lang='grc' dir='ltr'>ΙΙ</span> <span class='ocrx_word' id='word_1_257' title='bbox 1116 2636 1193 2678; x_wconf 80' lang='grc'>587,</span> <span class='ocrx_word' id='word_1_258' title='bbox 1228 2636 1495 2680; x_wconf 70' lang='lat' dir='ltr'>praestinyuere</span> <span class='ocrx_word' id='word_1_259' title='bbox 1524 2635 1584 2669; x_wconf 86' lang='grc' dir='ltr'>ΠΙ</span> 
     </span>
     <span class='ocr_line' id='line_1_31' title="bbox 90 2689 1585 2736; baseline 0.003 -14"><span class='ocrx_word' id='word_1_260' title='bbox 90 2689 188 2727; x_wconf 71' lang='grc'><strong>1041,</strong></span> <span class='ocrx_word' id='word_1_261' title='bbox 217 2690 492 2734; x_wconf 72' lang='lat' dir='ltr'>praeterrculere</span> <span class='ocrx_word' id='word_1_262' title='bbox 527 2690 580 2724; x_wconf 86' lang='lat' dir='ltr'>IV</span> <span class='ocrx_word' id='word_1_263' title='bbox 615 2692 690 2733; x_wconf 67' lang='lat'>526,</span> <span class='ocrx_word' id='word_1_264' title='bbox 729 2702 857 2726; x_wconf 76' lang='lat' dir='ltr'>recesse</span> <span class='ocrx_word' id='word_1_265' title='bbox 890 2690 949 2724; x_wconf 85' lang='grc' dir='ltr'>ΠΙ</span> <span class='ocrx_word' id='word_1_266' title='bbox 973 2692 1026 2732; x_wconf 70' lang='grc'>69,</span> <span class='ocrx_word' id='word_1_267' title='bbox 1054 2691 1250 2736; x_wconf 75' lang='lat' dir='ltr'>talipedare</span> <span class='ocrx_word' id='word_1_268' title='bbox 1275 2692 1334 2726; x_wconf 82' lang='grc' dir='ltr'>[Π</span> <span class='ocrx_word' id='word_1_269' title='bbox 1360 2693 1436 2735; x_wconf 75' lang='lat'>504,</span> <span class='ocrx_word' id='word_1_270' title='bbox 1465 2692 1585 2736; x_wconf 76' lang='lat' dir='ltr'>ntique</span> 
     </span>
     <span class='ocr_line' id='line_1_32' title="bbox 90 2744 1583 2793; baseline 0.002 -14"><span class='ocrx_word' id='word_1_271' title='bbox 90 2745 130 2779; x_wconf 88' lang='grc' dir='ltr'>ΙΙ</span> <span class='ocrx_word' id='word_1_272' title='bbox 155 2746 229 2781; x_wconf 81' lang='grc'>569,</span> <span class='ocrx_word' id='word_1_273' title='bbox 271 2744 356 2787; x_wconf 82' lang='lat' dir='ltr'>Qua</span> <span class='ocrx_word' id='word_1_274' title='bbox 380 2746 552 2780; x_wconf 90' lang='lat' dir='ltr'>Lucretii</span> <span class='ocrx_word' id='word_1_275' title='bbox 577 2747 745 2781; x_wconf 88' lang='lat' dir='ltr'>editione</span> <span class='ocrx_word' id='word_1_276' title='bbox 771 2748 958 2782; x_wconf 84' lang='lat' dir='ltr'>Thesauri</span> <span class='ocrx_word' id='word_1_277' title='bbox 983 2748 1149 2782; x_wconf 88' lang='lat' dir='ltr'>editores</span> <span class='ocrx_word' id='word_1_278' title='bbox 1174 2749 1235 2783; x_wconf 89' lang='lat' dir='ltr'>usi</span> <span class='ocrx_word' id='word_1_279' title='bbox 1259 2749 1339 2783; x_wconf 83' lang='lat' dir='ltr'>sint</span> <span class='ocrx_word' id='word_1_280' title='bbox 1356 2760 1433 2782; x_wconf 89' lang='lat' dir='ltr'>non</span> <span class='ocrx_word' id='word_1_281' title='bbox 1451 2749 1583 2793; x_wconf 84' lang='lat' dir='ltr'>liquet,</span> 
     </span>
     <span class='ocr_line' id='line_1_33' title="bbox 91 2803 1582 2848; baseline 0.003 -13"><span class='ocrx_word' id='word_1_282' title='bbox 91 2812 226 2836; x_wconf 88' lang='lat' dir='ltr'>verum</span> <span class='ocrx_word' id='word_1_283' title='bbox 262 2813 307 2836; x_wconf 84' lang='lat' dir='ltr'>ea</span> <span class='ocrx_word' id='word_1_284' title='bbox 342 2813 389 2837; x_wconf 84' lang='lat' dir='ltr'>ex</span> <span class='ocrx_word' id='word_1_285' title='bbox 423 2814 464 2837; x_wconf 83' lang='lat' dir='ltr'>re</span> <span class='ocrx_word' id='word_1_286' title='bbox 500 2803 599 2848; x_wconf 88' lang='lat' dir='ltr'>quod</span> <span class='ocrx_word' id='word_1_287' title='bbox 630 2804 732 2838; x_wconf 82' lang='lat' dir='ltr'>inter</span> <span class='ocrx_word' id='word_1_288' title='bbox 766 2804 918 2838; x_wconf 86' lang='lat' dir='ltr'>criticos</span> <span class='ocrx_word' id='word_1_289' title='bbox 944 2815 1021 2838; x_wconf 92' lang='lat' dir='ltr'>non</span> <span class='ocrx_word' id='word_1_290' title='bbox 1047 2805 1297 2839; x_wconf 85' lang='lat' dir='ltr'>nominantur</span> <span class='ocrx_word' id='word_1_291' title='bbox 1322 2804 1398 2839; x_wconf 89' lang='lat' dir='ltr'>nisi</span> <span class='ocrx_word' id='word_1_292' title='bbox 1423 2809 1582 2848; x_wconf 81' lang='lat' dir='ltr'>veteres,</span> 
     </span>
    </p>
   </div>
  </div>
 </body>
</html>
