1986 3327
1504 135 1550 174 11

126 281 197 308 sus
242 268 295 309 sit
332 267 651 318 adscribendus,
698 280 793 308 cum
840 279 978 320 neque
1009 268 1155 309 localis
1196 280 1334 321 neque
1365 268 1612 320 temporalis

125 336 376 388 significatio
408 335 463 376 ad
492 335 749 377 sententiam
779 335 884 376 satis
914 335 1104 388 quadret.

259 409 384 444 terra.
442 403 475 444 II
518 404 602 445 534
645 403 741 445 vide
783 416 813 444 s.
852 416 889 444 v.
921 402 1062 443 locus:
1092 403 1142 443 III
1174 403 1272 453 8373
1306 403 1339 444 V
1370 404 1451 444 219
1483 415 1609 456 supra

124 485 156 512 s.
187 484 223 512 v.
254 483 386 511 mare.
447 470 707 523 Saepissime
745 469 789 511 iu
828 470 1089 524 praepositio
1128 471 1290 511 nomini
1322 475 1385 511 est
1416 471 1611 523 apposita

126 552 158 580 e.
189 552 249 592 gr.
281 539 297 579 I
326 540 397 589 63;
432 540 526 589 1303
563 540 658 589 1523
689 540 789 589 21ος
821 539 922 589 8683
954 538 985 579 ΙΙ
1015 539 1119 589 603;
1151 538 1199 579 ΙΙΙ
1232 538 1322 579 173.

129 654 132 656 Ὺ
257 606 332 647 His
363 605 572 659 subiungo
619 607 795 647 nomina
841 606 1121 657 substantiva,
1166 605 1319 659 quibus
1365 605 1518 646 domus
1547 605 1612 646 vel

124 674 381 727 receptaculi
412 674 633 715 cuiusdam
665 675 782 715 notio
812 675 1075 727 exprimitur:

257 747 359 783 astu.
418 741 494 783 *Vl
534 743 640 782 1262
676 755 758 792 quo
798 742 937 795 maqis
983 743 1105 782 astu
1147 739 1372 792 Confertos
1398 740 1466 781 ita
1498 753 1612 780 acer-

126 809 257 850 vatim
288 822 402 850 mors
434 808 748 850 accumulabat.
811 809 904 860 Quo
936 809 1031 850 loco
1055 811 1155 849 astu
1175 808 1303 850 scribi
1326 808 1456 849 voluit
1478 807 1613 848 Lach-

127 890 308 918 mannus
339 882 467 930 atque
499 879 621 917 aestu
654 889 677 918 e
707 877 957 918 coniectura
988 876 1151 917 Marulli
1182 876 1312 917 edidit
1342 875 1616 928 Bernaysius,

126 944 321 986 codicum
356 945 567 998 scriptura
605 946 749 985 aestus
788 944 983 986 Munroni
1024 950 1066 986 et
1097 944 1296 997 Briegero
1327 943 1486 996 placuit
1516 947 1615 983 ante

125 1010 338 1063 confertos
369 1025 539 1054 versum
572 1012 780 1053 excidisse
811 1011 1096 1054 censentibus.

259 1083 433 1121 bustum.
493 1080 543 1121 III
593 1081 674 1122 906
725 1080 785 1120 At
827 1093 906 1121 *nos
952 1078 1229 1130 horrifico
1277 1078 1539 1130 cinefactum
1579 1080 1615 1118 te

124 1160 257 1199 prope
302 1147 457 1189 busto
488 1146 812 1189 Insatiabiliter
843 1147 1117 1199 deflevimus;
1149 1148 1185 1189 V
1215 1148 1295 1189 993
1327 1147 1430 1187 Viva
1464 1145 1616 1187 videm

124 1214 246 1255 rivo
277 1215 452 1267 sepeliri
483 1215 648 1257 viscera
689 1215 864 1257 busto.
927 1216 1028 1257 Post
1059 1216 1236 1258 verbum
1266 1214 1506 1267 sepeliendi
1539 1213 1616 1256 ab-

125 1283 276 1324 lativus
314 1288 455 1324 utrum
497 1284 645 1325 localis
682 1296 737 1325 an
774 1285 1111 1326 instrumentalis
1142 1284 1394 1325 statuendus
1424 1283 1478 1324 sit
1507 1283 1618 1324 inter

124 1352 430 1404 grammaticos
476 1365 563 1393 non
609 1357 796 1403 constat3
828 1353 887 1393 ita
932 1365 966 1394 e.
1011 1365 1069 1405 gr.
1113 1352 1319 1394 Meissner
1364 1365 1400 1405 p.
1450 1351 1501 1391 14
1531 1363 1617 1392 om-

125 1419 250 1460 nibus
279 1420 390 1473 apud
422 1420 664 1461 Lucretium
695 1420 807 1461 locis
838 1421 1205 1462 instrumentalem
1240 1424 1491 1473 usurpatum
1524 1431 1618 1460 esse

125 1487 238 1539 dicit,
272 1488 484 1529 Ebrardus
515 1501 538 1530 e
584 1488 801 1530 contrario
833 1502 872 1541 p.
904 1489 987 1531 603
1018 1488 1232 1530 nonnullis
1263 1488 1369 1529 locis
1400 1500 1451 1529 ex
1481 1487 1616 1528 Ennio

125 1555 318 1597 Lucretio
350 1557 530 1610 aliisque
560 1557 699 1597 allatis
729 1557 911 1598 localem
943 1557 1100 1598 statuit.
1133 1557 1226 1608 Qua
1253 1556 1305 1598 de
1326 1567 1459 1597 causa
1481 1567 1618 1608 quon-

123 1624 210 1665 iam
260 1623 492 1666 ablativum
537 1637 622 1665 non
669 1624 826 1678 ubique
872 1625 1023 1667 eadem
1078 1625 1388 1675 significatione
1433 1624 1616 1677 positum

125 1703 220 1734 esse
251 1692 353 1732 mihi
384 1693 590 1745 persuasi,
622 1693 705 1734 hoc
735 1693 831 1734 loco
861 1692 1093 1734 ablativum
1122 1692 1241 1734 busto
1264 1692 1412 1734 localis
1433 1691 1616 1744 speciem

124 1772 228 1814 prae
272 1773 318 1802 se
363 1760 471 1803 ferre
517 1761 713 1803 existimo
763 1761 856 1803 aliis
903 1761 1007 1803 locis
1044 1761 1413 1802 instrumentalem
1445 1771 1620 1801 sensum

124 1829 370 1882 praevalere
399 1834 529 1870 ratus.

259 1910 365 1938 casa.
427 1896 480 1938 Vl
533 1897 639 1938 1254
681 1896 951 1949 penitusque
1003 1909 1131 1938 casa
1181 1898 1388 1938 contrusa
1420 1894 1620 1935 iacebam

126 1964 319 2017 Corpora
344 1966 609 2017 paupertate
642 1966 683 2005 et
710 1964 853 2005 morbo
885 1964 1034 2006 dedita
1062 1964 1202 2006 morti.

260 2035 422 2074 fornax.
483 2032 537 2073 VI
568 2033 650 2074 202
681 2034 915 2083 rotantque
946 2032 1098 2073 cavis
1123 2031 1346 2084 flammam
1374 2029 1424 2082 fo
1437 2031 1617 2072 rriaci-

126 2099 221 2141 bus
259 2100 408 2150 intus;
444 2101 526 2143 278
549 2102 707 2141 vortex
851 2099 1053 2141 calidis
1085 2100 1204 2141 acuit
1232 2099 1402 2152 fulmen
1432 2098 1482 2150 fo
1497 2113 1561 2140 νη
1574 2113 1617 2140 a·

126 2167 280 2209 cibus
309 2168 456 2218 intus:
491 2170 598 2211 1169
629 2168 675 2209 F
677 2168 880 2222 laqrabat
907 2167 1123 2209 stomacho
1154 2168 1334 2220 flamma
1366 2170 1414 2208 ut
1430 2166 1482 2219 fo
1494 2180 1617 2208 rna-

127 2235 278 2276 cibus
308 2235 444 2278 intus.

261 2305 578 2346 fundamentum.
643 2305 679 2346 V
732 2305 838 2346 1121
901 2304 961 2346 L't
1003 2304 1373 2356 fundamento
1418 2302 1619 2344 stabili

125 2371 310 2422 fortuna
339 2375 547 2415 maneret.

261 2443 489 2482 lavabrum.
548 2441 603 2483 VI
647 2443 728 2484 799
765 2440 971 2492 Denique
1007 2440 1045 2481 si
1085 2439 1290 2481 calidis
1328 2439 1456 2481 etiam
1494 2452 1620 2480 cunc-

129 2510 220 2548 tare
251 2507 340 2549 lav
359 2508 510 2550 abris
540 2509 722 2551 Plenior
753 2512 794 2551 et
824 2508 992 2550 laveris.

261 2580 447 2619 lustrum.
505 2577 559 2619 IV
602 2579 709 2620 1136
745 2578 838 2618 Aut
874 2591 970 2618 cum
1009 2576 1206 2618 conscius
1244 2576 1334 2629 ipse
1368 2575 1545 2618 animus
1575 2590 1618 2616 se

127 2642 236 2695 forte
266 2645 481 2686 remordet
510 2644 738 2687 Desidiose
770 2658 898 2699 ayere
921 2646 1101 2686 aetatem
1125 2644 1442 2696 lustrisque
1456 2643 1617 2697 perire.
