1986 3327
1477 183 1528 223 19

91 320 284 362 Hertzius
330 333 368 372 p.
398 319 452 359 62
497 318 864 371 praepositionem
911 329 995 357 non
1029 321 1117 357 tam
1148 321 1322 369 propter
1354 317 1477 358 metri
1508 330 1581 358 ne-

91 388 336 430 cessitatem
358 399 486 439 quam
509 386 563 426 ad
586 398 675 426 rem
706 385 842 437 magis
865 383 1062 425 sensibus
1085 384 1382 426 subiciendam
1408 397 1433 425 a
1454 390 1584 437 poeta

89 456 278 508 positam
309 466 405 495 esse
438 458 573 505 putat.

224 523 373 562 nixari.
432 521 484 561 IV
531 521 612 562 506
774 519 1106 567 Fundamenta,
1153 518 1355 569 quibus
1399 518 1585 560 nixatur

93 590 180 631 vita
210 589 430 640 salusque.
492 587 638 629 Altero
670 589 764 628 loco
798 587 847 627 III
882 588 989 628 1000
1018 586 1111 627 Hoc
1145 589 1207 627 est
1248 587 1479 627 adverso
1516 587 1582 628 9ιὶ-

89 660 268 699 mantem
299 656 473 696 trudere
504 657 682 696 monte
715 654 885 696 Saxum
916 654 1106 695 Holtzius
1138 653 1225 694 Lin.
1257 668 1296 706 p.
1329 654 1353 695 8
1372 667 1459 696 non
1492 655 1583 696 sine

91 737 222 767 causa
253 724 485 765 ablativum
519 723 572 763 ad
603 722 922 763 similitudinem
953 721 1126 762 ablativi
1160 722 1252 763 viae
1278 722 1465 774 positum
1488 735 1582 763 esse

90 791 401 841 animadvertit,
449 803 546 831 cum
591 789 645 831 ad
690 788 942 830 infinitivum
989 789 1163 829 trudere
1194 790 1335 841 potius
1368 802 1497 842 quam
1530 790 1583 830 ad

90 859 358 912 participium
390 858 602 911 pertinere
633 857 847 910 putandus
879 858 942 898 sit.
977 857 1205 898 Praeterea
1236 857 1271 898 V
1299 858 1381 899 836
1403 856 1487 898 Hic
1513 857 1583 897 ubi

89 926 241 968 nixa-ri
284 927 514 977 nequeunt
556 924 842 976 insistereque
889 924 996 965 alz's
1043 924 1274 966 ablativum
1313 937 1363 966 ex
1401 930 1583 978 utroque

87 994 292 1036 infinitivo
323 1006 452 1035 sensu
483 994 795 1035 instrumentali
826 994 1013 1046 pendere
1043 998 1159 1034 recte
1191 993 1409 1034 contendit
1440 993 1583 1035 Kraet-

88 1062 232 1104 schius
276 1075 314 1114 p.
360 1062 426 1112 20,
472 1061 543 1102 ubi
588 1061 741 1101 similia
787 1072 837 1101 ex
876 1060 1060 1113 Vergilio
1093 1066 1134 1102 et
1165 1059 1315 1102 Ovidio
1347 1061 1484 1102 adfert
1516 1074 1583 1102 ex-

88 1130 238 1183 empla.

567 1240 601 1273 3.
651 1240 864 1274 Ablativus
889 1240 1099 1284 temporis.

224 1333 269 1373 In
299 1333 442 1384 lingua
480 1332 612 1372 latina
652 1332 886 1384 antiquitus
919 1344 1021 1372 casu
1052 1332 1176 1373 locali
1208 1337 1248 1373 et
1280 1337 1431 1385 postea
1462 1333 1582 1374 abla-

92 1401 178 1442 tivo
209 1401 332 1441 locali
365 1412 449 1452 quo
487 1404 680 1452 tempore
718 1400 877 1452 aliquid
914 1399 985 1440 fiat
1016 1399 1245 1452 significari
1277 1401 1474 1442 omnibus
1506 1415 1580 1443 no-

88 1474 175 1509 tum
208 1472 284 1510 est.
344 1467 485 1520 Atque
527 1467 748 1508 eiusmodi
781 1467 977 1508 ablativis
999 1469 1259 1520 praepositio
1282 1469 1456 1522 adiungi
1481 1470 1589 1511 solet

89 1550 184 1578 cum
216 1548 372 1578 nornen
405 1535 576 1588 propria
607 1536 811 1588 temporis
843 1535 1017 1576 notione
1051 1548 1180 1588 egens
1203 1537 1348 1578 addito
1371 1538 1581 1579 adiectivo

87 1605 151 1645 vel
197 1603 450 1645 substantivi
488 1604 686 1655 genetivo
726 1615 813 1644 non
852 1603 1060 1654 definitur,
1098 1605 1284 1657 itemque
1317 1606 1580 1658 saepissime,

87 1672 157 1713 ubi
188 1684 274 1713 non
304 1676 393 1712 tam
425 1671 476 1712 de
508 1672 600 1723 ipso
632 1675 824 1723 tempore
855 1683 984 1723 quam
1017 1671 1068 1712 de
1101 1673 1354 1714 condicione
1376 1674 1581 1726 temporis

84 1741 232 1792 agitur.
262 1738 418 1780 Verum
437 1738 491 1779 ad
504 1743 672 1790 tempus
689 1739 961 1779 indicandum
980 1739 1139 1780 nudum
1158 1753 1328 1793 quoque
1347 1741 1576 1782 ablativum

85 1820 183 1849 cum
213 1807 530 1860 praepositione
563 1807 836 1847 coniunctum
869 1807 982 1848 nullo
1015 1807 1100 1848 fere
1133 1808 1376 1850 discrimine
1398 1810 1580 1851 interce-

85 1875 211 1917 dente
243 1888 269 1916 a
299 1875 438 1927 poetis
469 1876 665 1926 usurpari
699 1879 880 1924 constat,
914 1876 1070 1928 quippe
1101 1877 1171 1929 qui
1201 1881 1242 1918 et
1266 1878 1392 1918 metri
1416 1878 1582 1930 legibus

85 1943 213 1984 vincti
244 1943 329 1983 sint
360 1947 401 1984 et
432 1955 563 1995 saepe
593 1943 781 1984 sermoni
814 1944 976 1995 vulgari
1003 1944 1261 1997 indulgeant.
1302 1945 1444 1997 Quare
1467 1947 1579 1999 apud

83 2011 325 2052 Lucretium
365 2022 536 2063 quoque
578 2015 730 2051 contra
767 2023 888 2050 usum
928 2011 1144 2064 vulgarem
1178 2014 1422 2066 appositam
1454 2026 1576 2066 prae-

83 2078 340 2131 positionem
385 2078 577 2130 plurimis
624 2079 729 2119 locis
775 2078 1029 2129 invenimus,
1074 2079 1145 2120 ubi
1177 2080 1228 2122 de
1260 2081 1352 2133 ipso
1385 2085 1579 2134 tempore

84 2146 233 2198 agitur,
265 2146 307 2186 id
344 2146 458 2199 quod
500 2146 705 2188 Meissner
736 2162 773 2201 p.
806 2149 860 2189 45
891 2153 1006 2189 recte
1038 2148 1351 2190 animadvertit.
1384 2149 1472 2190 Iam
1504 2163 1577 2192 ex-

67 2213 234 2266 emplis
278 2214 416 2254 allatis
462 2215 598 2267 qualis
637 2216 688 2268 sit
727 2229 830 2256 usus
860 2215 1032 2256 ablativi
1063 2217 1268 2269 temporis
1300 2216 1578 2259 Lucretianus

83 2285 284 2322 accurate
327 2281 575 2322 docebimus
621 2295 716 2324 eam
763 2283 972 2324 rationem
1011 2288 1257 2336 sequentes,
1300 2286 1362 2325 uti
1392 2286 1579 2338 primum

82 2349 258 2390 nomina
287 2350 493 2402 temporis
516 2351 734 2392 notionem
760 2352 930 2404 proprie
951 2352 1232 2404 exprimentia
1256 2353 1576 2406 perlustremus,

84 2417 236 2458 deinde
268 2417 351 2458 alia
381 2417 650 2459 substantiva
681 2419 961 2472 proferamus.

216 2489 362 2526 aestas.
420 2484 474 2525 IV
503 2486 557 2527 58
605 2485 713 2527 Cum
762 2487 906 2528 teretis
942 2487 1329 2540 220221122ttmn'eas
1362 2492 1579 2532 aestate

83 2550 281 2602 cimela&-
312 2552 349 2592 V
379 2552 461 2594 803
494 2552 731 2595 Follz‘c-ulos
764 2557 813 2595 ut
842 2568 963 2596 nunc
996 2555 1139 2596 teo-etis
1162 2558 1379 2598 aestate
1402 2557 1576 2599 eiectam

81 2617 283 2660 Limum
310 2622 463 2671 sponte
494 2634 578 2661 sua
609 2621 768 2662 victum
800 2621 1019 2674 «vimque
1041 2626 1264 2675 petentes;
1294 2624 1353 2665 VI·
1380 2626 1461 2666 715
1487 2625 1580 2665 Aut

82 2685 189 2737 quia
223 2689 333 2728 sunt
367 2690 589 2729 aestate
628 2689 856 2740 aquilones·
888 2689 997 2731 ostia
1028 2693 1202 2741 eontra:
1233 2692 1318 2733 840
1349 2691 1579 2745 Friffl'defor

73 2766 207 2805 porro
240 2753 289 2795 in
309 2754 461 2806 pateis
494 2759 710 2798 aestate
740 2756 791 2807 fit
820 2771 956 2799 umor.
