1986 3327
726 668 870 722 Cap.
902 669 978 713 V.

589 764 591 767 ’
650 771 1053 821 AblativuS.

210 874 239 927 5
271 874 338 916 16.
399 874 463 916 De
493 875 537 917 vi
567 876 614 917 et
643 887 726 917 usu
756 875 946 917 Ablativi
980 875 1187 917 universe
1217 874 1497 928 disputatur.

242 965 285 1006 In
317 964 550 1006 ablativum
580 964 749 1017 linguae
780 965 938 1005 latinae
966 970 1053 1006 tres
1075 977 1218 1005 casus:
1241 964 1420 1006 localem
1442 964 1598 1004 instru-

99 1033 336 1074 mentalem
377 1032 609 1073 ablativum
649 1032 884 1086 antiquitus
924 1022 1238 1074 confluxisse'a
1269 1031 1369 1072 viris
1401 1031 1598 1073 doctissi-

108 1103 187 1143 mis
232 1114 361 1155 quam
407 1101 675 1154 apertissime
720 1098 1061 1143 demonstratum
1107 1104 1181 1142 est.
1242 1100 1383 1152 Quare
1430 1100 1465 1140 si
1504 1101 1598 1155 quis

108 1171 192 1211 vim
234 1175 275 1211 et
306 1183 429 1211 usum
461 1169 633 1211 ablativi
666 1169 784 1210 latini
816 1173 1019 1210 accurate
1049 1169 1309 1222 perscrutari
1340 1168 1451 1219 velit,
1484 1174 1600 1209 certe

108 1238 248 1280 facere
281 1251 366 1280 non
397 1242 538 1291 potest
569 1238 669 1290 quin
702 1237 907 1290 originem
942 1242 983 1278 et
1014 1241 1212 1278 naturam
1243 1236 1451 1289 triplicem
1476 1236 1600 1276 huius

107 1319 234 1347 casus
264 1306 475 1359 respiciat.
535 1305 638 1347 Tres
676 1306 802 1358 igitur
833 1305 1043 1355 notiones,
1076 1305 1226 1346 localis
1264 1304 1600 1345 instrumentalis

107 1374 307 1424 ablativa,
358 1374 531 1415 ablativi
581 1385 738 1426 genera
783 1374 985 1414 tractanti
1036 1373 1257 1425 diligenter
1292 1371 1601 1414 discernendae

107 1446 218 1484 sunt.
277 1443 424 1496 Neque
463 1446 608 1483 tamen
647 1442 876 1495 unicuique
907 1441 1081 1483 ablativi
1112 1441 1254 1493 generi
1288 1440 1424 1493 qualis
1455 1440 1518 1481 vis
1549 1452 1600 1481 ac

110 1510 363 1563 significatio
403 1510 539 1551 subsit
575 1522 652 1563 pro
691 1515 808 1551 certo
849 1509 1075 1551 ostendere
1112 1521 1353 1562 possumus,
1388 1520 1484 1549 cum
1515 1512 1601 1548 tres

107 1578 162 1618 illi
194 1590 320 1619 casus
351 1579 460 1619 inter
490 1590 536 1619 se
567 1577 732 1619 finitimi
764 1578 847 1618 sint
878 1577 1214 1630 saepissimeque
1245 1576 1421 1618 confusi.
1482 1575 1601 1626 Quae

107 1659 204 1687 cum
236 1647 294 1687 ita
325 1646 421 1695 sint,
455 1651 663 1699 quantum
685 1650 849 1699 potero,
873 1645 1048 1687 ablativi
1072 1645 1186 1697 apud
1209 1644 1452 1686 Lucretium
1474 1656 1597 1684 usum

106 1714 166 1755 ita
195 1713 405 1765 tractabo,
445 1719 490 1755 ut
530 1715 713 1767 primum
745 1726 826 1755 ¹eos
866 1713 1058 1755 adferam
1096 1713 1319 1763 ablativos,
1362 1712 1405 1754 in
1445 1711 1599 1764 quibus

107 1782 255 1823 localis
286 1782 404 1823 notio
437 1782 539 1822 mihi
573 1781 765 1823 videatur
800 1782 954 1832 inesse,
987 1781 1140 1823 deinde
1171 1781 1223 1822 de
1254 1781 1304 1820 iis
1336 1792 1475 1832 agam,
1509 1779 1598 1832 qui—

106 1849 185 1890 bus
216 1850 555 1892 instrumentalis·
581 1849 833 1902 significatio
864 1849 1122 1891 vindicanda
1153 1850 1218 1896 sit,
1252 1853 1340 1890 tum
1373 1848 1410 1888 vi
1431 1847 1602 1900 proprie

106 1917 294 1959 ablativa
324 1922 554 1970 usurpatos
586 1930 839 1971 proponam.
902 1930 905 1933 ·
1190 1916 1193 1920 ”
1226 1922 1229 1923 ’

683 2052 723 2100 Ι.
796 2054 1031 2103 Localis,

232 2156 260 2211 ἓ
293 2157 363 2200 17.
423 2157 487 2199 De
520 2157 563 2199 vi
594 2158 639 2199 et
669 2168 752 2199 usu
781 2140 944 2199 localis
974 2157 1181 2199 universe
1211 2155 1490 2210 disputatur.

244 2234 286 2276 In
332 2235 484 2288 linguis
524 2235 884 2288 indogermanicis
923 2239 1086 2276 certum
1128 2239 1298 2275 constat
1338 2233 1463 2274 locali
1501 2244 1604 2273 casu

108 2305 197 2346 sive
228 2304 412 2345 locativo
454 2304 525 2356 qui
563 2303 799 2356 appellatur
830 2302 1043 2355 designari
1074 2302 1230 2352 locum,
1261 2302 1373 2342 intra
1405 2300 1525 2342 cuius
1556 2299 1603 2340 fi-

107 2383 185 2413 nes
214 2371 372 2425 aliquid
410 2372 479 2424 agi
516 2371 678 2412 dicitur.
739 2372 832 2422 Quo
870 2370 1029 2412 factum
1062 2374 1139 2420 est,
1173 2374 1216 2410 ut
1246 2369 1315 2410 hic
1347 2380 1473 2410 casus
1505 2380 1603 2409 cum

108 2440 163 2481 ad
194 2440 334 2491 locum
365 2439 436 2481 ubi
468 2440 627 2492 aliquid
657 2444 782 2490 esset,
814 2444 903 2480 turn
936 2431 1180 2491 ad'tempus
1204 2436 1376 2490 quando
1399 2436 1512 2477 actio
1530 2435 1602 2476 fie-

113 2513 176 2549 ret
206 2507 482 2549 indicandum
514 2508 685 2560 proprie
714 2511 1001 2560 usurparetur.
1062 2505 1167 2546 Tum
1199 2518 1278 2546 usu
1310 2505 1437 2554 venit,
1470 2509 1515 2545 ut
1542 2504 1604 2543 in-

111 2576 276 2618 terdum
308 2588 393 2629 quo
430 2588 498 2617 res
538 2576 708 2617 actione
751 2575 868 2617 verbi
900 2575 953 2616 ad
985 2575 1119 2622 finem
1144 2572 1332 2626 perfecta
1363 2572 1603 2626 perveniret

112 2644 235 2685 locali
266 2643 405 2684 verbis
437 2648 599 2685 motum
630 2643 916 2691 indicantibus
944 2642 1140 2696 apposito
1164 2641 1484 2694 exprimeretur,
1507 2652 1603 2680 cum

110 2717 248 2753 status
279 2711 416 2758 finalis
448 2712 617 2753 actione
649 2711 765 2753 verbi
796 2711 973 2753 effectus
1006 2722 1144 2763 neque
1176 2714 1317 2751 motus
1347 2709 1438 2761 ipse
1470 2708 1604 2760 respi-

107 2785 283 2822 ceretur.
344 2779 502 2821 Verum
534 2780 576 2819 in
608 2780 750 2832 lingua
782 2779 913 2820 latina
944 2791 1040 2820 cum
1073 2777 1220 2820 localis
1257 2781 1430 2830 propter
1467 2776 1603 2817 exitus
