1986 3327
430 188 482 231 14

374 339 429 367 an
461 326 629 367 dativus
665 327 932 379 statuendus,
972 327 1162 369 Holtzius
1203 328 1286 370 Lin.
1324 343 1361 382 p.
1399 324 1438 382 9,
1478 343 1604 384 quem
1636 337 1871 385 sequuntur

371 393 584 435 Ebrardus
615 394 636 435 l.
669 395 691 435 l.
724 395 919 436 Hertzius
951 409 986 448 p.
1018 397 1085 447 56,
1105 395 1350 445 ablativum,
1384 397 1522 439 Keller
1546 412 1581 450 p.
1603 399 1657 440 25
1680 400 1867 441 dativum

370 463 564 515 usurpari
587 463 816 504 contendit.
849 463 921 504 Illo
939 463 1035 505 loco
1054 476 1317 518 quamquam
1335 478 1430 506 cum
1451 466 1617 508 Holtzio
1636 466 1869 509 ablativum

375 530 454 571 loci
496 534 653 580 statuo,
694 530 998 572 animantibus
1039 532 1120 573 hoc
1152 533 1248 574 loco
1280 534 1422 585 potius
1453 547 1529 587 pro
1561 535 1705 577 dativo
1737 537 1869 589 expli-

378 598 466 639 cari
500 610 627 651 posse
657 599 855 652 equidem
887 601 1109 652 existimos
1131 613 1227 641 curn
1260 601 1373 654 apud
1396 602 1634 644 Lucretium
1658 602 1868 645 ablativus

374 667 456 708 loci
501 666 769 717 substantivi,
817 668 942 721 quale
988 672 1053 710 est
1090 667 1312 721 animane,
1344 682 1431 711 non
1462 675 1698 723 usurpetur.
1761 671 1868 714 Ante

377 734 609 776 ablativum
641 735 819 777 iteratur
850 734 898 777 in
925 737 1190 789 praepositio
1222 737 1289 781 his
1318 738 1440 780 locis:
1472 738 1486 779 I
1522 739 1601 780 173
1635 739 1762 789 Quod
1782 753 1871 781 cer-

372 802 424 842 tis
457 801 505 843 in
538 802 664 843 rebus
697 802 812 844 inest
839 806 1004 844 secreta
1033 802 1247 855 facultas·
1278 805 1327 846 ΙΙΙ
1358 807 1439 847 786
1470 806 1505 847 V
1531 807 1612 848 130
1632 806 1719 847 Nec
1741 820 1870 848 cruor

373 870 422 912 in
469 870 602 924 Ziynis
647 884 788 922 neque
809 896 811 900 -
832 871 954 912 saxis
998 885 1130 912 sucus
1166 871 1308 914 inesse
1337 874 1575 927 [queuntss
1609 875 1644 915 V
1674 875 1866 916 542mee

373 937 563 989 denique
597 940 728 978 totum
763 938 966 991 Corporis
998 939 1046 981 in
1069 939 1260 992 pedibus
1274 941 1457 993 pondus
1478 941 1692 983 sentimus
1713 941 1865 985 inesse.

502 1009 726 1059 ingenium.
788 1007 838 1048 III
884 1007 983 1049 744
1013 1021 1091 1048 cur
1136 1007 1292 1049 omnia
1330 1008 1531 1050 membris
1575 1009 1649 1050 Eoe
1685 1009 1867 1051 ineunte

372 1088 473 1115 (tezo
505 1076 804 1127 yenemsezmt
833 1074 1194 1128 inqenioque.

502 1145 736 1186 membrum.
795 1143 845 1183 III
883 1145 966 1185 744
1001 1143 1096 1184 vide
1133 1144 1368 1196 supra31V
1405 1146 1507 1186 1031
1542 1143 1616 1185 ubi
1646 1144 1763 1197 ipsa
1776 1145 1867 1186 dics

368 1210 622 1251 membris
653 1213 831 1252 maim—a
862 1211 1036 1263 eremit,
1069 1225 1155 1266 quo
1186 1213 1282 1254 loco
1314 1212 1520 1255 Meissner
1550 1227 1587 1267 p.
1615 1214 1669 1255 39
1692 1226 1867 1267 prorsus

369 1279 511 1332 inepte
561 1278 795 1320 ablativum
840 1280 1060 1322 relationis
1092 1281 1274 1332 statuit3-
1297 1283 1402 1323 1091
1443 1281 1557 1323 Nam
1589 1281 1707 1323 cibus
1738 1284 1870 1334 atque

370 1360 492 1388 umor
527 1347 690 1388 memb
705 1346 782 1388 ris
821 1347 1072 1389 adsumitur
1109 1348 1244 1401 intus,
1282 1350 1363 1390 nisi
1394 1350 1537 1403 potius
1568 1363 1665 1391 cum
1698 1350 1864 1393 Holtzio

367 1415 453 1455 Lin.
486 1429 521 1468 p.
557 1415 636 1457 158
671 1415 834 1458 Kellero
867 1429 904 1468 p.
941 1417 990 1458 19
1021 1416 1232 1458 ablativus
1264 1430 1341 1471 pro
1372 1418 1685 1460 instrumentali
1707 1422 1772 1460 est
1787 1418 1865 1459 ha-

365 1482 547 1533 bendus;
582 1482 688 1525 1098
721 1483 922 1524 ardorem
954 1484 1031 1535 qui
1062 1484 1314 1525 membris
1353 1485 1578 1540 stinquerc
1602 1485 1756 1539 possit,
1788 1485 1858 1527 ubi

364 1551 511 1592 neseio
545 1564 601 1592 an
623 1552 782 1593 rectius
805 1551 997 1593 Holtzius
1019 1566 1056 1606 p.
1077 1553 1129 1594 41
1156 1558 1197 1595 et
1220 1553 1426 1596 Meissner
1442 1568 1479 1607 p.
1505 1554 1555 1596 78
1578 1554 1767 1596 dativum
1790 1566 1860 1597 ex·

362 1623 478 1661 stare
510 1619 666 1671 dicunt3
709 1621 808 1661 1261
846 1619 1049 1672 Namque
1081 1620 1180 1662 aliis
1211 1621 1340 1662 rebus
1379 1624 1664 1664 concrescunt
1689 1621 1861 1664 semina

364 1687 624 1728 membris.
687 1687 955 1741 praepositio
994 1688 1041 1730 in
1080 1689 1250 1731 additur
1286 1690 1352 1731 his
1382 1691 1503 1732 loeis:
1536 1691 1586 1732 III
1621 1692 1696 1733 117
1728 1690 1861 1732 Nunc

362 1754 558 1797 (animam
589 1769 760 1807 quoque
790 1758 841 1796 ut
870 1755 918 1798 in
949 1756 1150 1798 membris
1182 1771 1434 1812 coynoscere
1457 1757 1597 1808 poss-is
1622 1757 1754 1809 Esset:
1781 1760 1862 1801 1520

360 1822 410 1873 sii
451 1823 517 1864 uti
663 1824 804 1876 Saepe
851 1827 998 1866 tamen
1043 1824 1167 1866 nobis
1212 1825 1261 1868 in
1290 1825 1493 1867 membris
1523 1825 1614 1867 vita
1643 1828 1859 1875 moretum

364 1892 438 1932 127
473 1891 521 1933 in
550 1891 751 1933 membris
786 1895 833 1933 at
866 1892 953 1934 vita
983 1896 1199 1941 moretur,·
1236 1895 1319 1937 276
1353 1894 1480 1945 Quod
1528 1907 1670 1948 glenus
1702 1894 1752 1936 in
1781 1908 1856 1936 no-

358 1959 461 2000 stris
492 1959 693 2001 membris
740 1963 781 2001 et
824 1974 999 2013 corpore
1039 1963 1120 2002 toto
1169 1961 1319 2003 Maketa
1352 1962 1493 2004 latens
1531 1961 1669 2004 animi
1700 1962 1765 2003 vis
1797 1965 1861 2003 est

362 2027 625 2079 animaeque
664 2030 885 2080 potestas:
916 2029 970 2071 IV
1001 2031 1083 2072 926
1118 2029 1190 2070 ubi
1220 2030 1349 2072 nulla
1380 2031 1521 2072 latens
1553 2030 1722 2072 animai
1745 2044 1860 2083 pars

360 2098 606 2137 remaneret
635 2095 694 2137 [n
726 2097 940 2138 membris.

495 2177 619 2205 mens.
681 2165 735 2206 VI
766 2166 817 2207 51
835 2179 868 2218 p
885 2165 1070 2207 avidis
1093 2179 1189 2207 cum
1204 2166 1409 2219 pendent
1427 2181 1467 2208 m
1483 2166 1691 2208 entibu’
1712 2179 1855 2220 saepe.

492 2234 730 2274 stomachus.
789 2233 843 2275 Vl
881 2235 984 2277 1169
1015 2247 1046 2275 S.
1079 2248 1115 2276 v.
1145 2233 1322 2286 fornax.

493 2314 527 2342 o.
588 2301 777 2355 Denique
808 2302 922 2355 apud
955 2302 1195 2344 Lucretium
1236 2307 1405 2345 exstant
1437 2302 1610 2344 ablativi
1641 2302 1855 2345 locisub·

355 2369 649 2420 stantivorum,
684 2381 796 2423 quae
827 2369 938 2411 infra
970 2370 1251 2412 enumerabo:

492 2439 611 2478 acies.
671 2437 703 2477 ΙΙ
735 2437 816 2478 448
848 2437 910 2479 In
941 2451 1024 2489 quo
1066 2437 1153 2479 iam
1183 2452 1342 2493 yenere
1373 2437 1606 2491 inprimis
1639 2438 1854 2480 adaman-

356 2503 450 2546 tina
481 2517 593 2545 saxa
624 2504 817 2546 Prima
848 2505 966 2547 acie
996 2509 1212 2549 constant.

489 2574 639 2625 caligo.
699 2573 734 2613 V
774 2574 855 2617 296
894 2574 1144 2626 pendentes
1191 2573 1339 2628 lychni
1385 2574 1616 2626 elcwaeque
1662 2572 1851 2615 coruscis

354 2639 631 2693 Fulyurfflms
666 2640 876 2694 pinques.
909 2642 1085 2684 multa
1131 2642 1386 2697 cal-iqine
1436 2642 1588 2684 tacdae
1625 2640 1851 2684 Consimili

352 2711 595 2760 properant
643 2708 827 2759 ratione,
881 2710 1037 2752 ardore
1088 2710 1304 2763 ministro,
1356 2710 1651 2763 Suppeditare
1696 2723 1852 2752 novom

353 2776 526 2817 lumen:
564 2777 634 2818 ubi
672 2777 879 2820 Meissner
915 2793 954 2832 p.
992 2780 1045 2821 26
1077 2792 1153 2821 cur
1183 2780 1416 2821 ablativum
1448 2783 1670 2833 tamquam
1702 2791 1852 2821 causa-
