1986 3327
1506 197 1557 237 27

125 340 222 368 cera
263 327 378 378 lique
413 327 464 378 fit
504 327 548 369 in
598 328 689 368 eius
727 331 859 380 posta
901 342 1057 380 νίψω-θ
1089 336 1129 371 et
1161 343 1258 371 cum
1289 329 1368 370 snb
1401 331 1615 383 praeposi-

122 395 256 436 tione:
302 395 355 436 IV
399 396 477 436 211
529 395 662 436 sessmad
707 409 755 437 ae
793 396 989 448 primum
1038 396 1115 437 suh
1150 397 1224 437 din
1257 397 1448 449 spendor
1479 397 1614 449 aquai

121 461 324 503 Ponitur.

258 533 468 581 deponere.
526 531 622 572 Non
672 532 857 572 occurrit
905 532 985 572 nisi
1035 544 1131 572 oum
1178 532 1496 584 praepositione
1530 545 1615 583 pet·

121 596 396 638 coniunctum
426 597 442 637 I
471 598 566 639 257.

259 677 466 716 reponere.
527 665 577 706 III
607 666 688 708 346
722 665 1008 707 chtternis
1040 666 1164 707 etiam
1199 666 1450 707 membris
1473 666 1613 707 alro-

127 745 229 782 que
274 735 470 784 reposta:
518 734 596 774 104
644 732 714 774 Sic
755 733 893 775 animi
937 748 1110 775 sensnm
1148 748 1238 776 ozon.
1270 737 1422 775 certa
1447 738 1613 786 parti>

120 802 354 851 reponunt.
417 800 522 842 Cum
554 802 870 854 praepositione
903 801 969 842 in:
1002 802 1036 843 V
1068 803 1150 844 696
1181 802 1243 842 Ez‘
1273 802 1388 853 qnod
1411 802 1462 842 ab
1487 802 1613 842 alm·-

86 869 224 907 ·m‘rct-
269 867 461 908 detraoez't
495 871 639 920 parte,
688 869 860 920 reponit
892 869 1006 909 Eius
1051 869 1094 910 in
1145 869 1328 910 adversa
1362 872 1481 911 tanto
1507 869 1613 922 plm-

114 937 244 987 2mrte
277 931 451 977 relatas.

560 1150 628 1199 II.
700 1152 1176 1201 InstrumentaliS.

117 1294 148 1350 ξ
179 1296 250 1339 20.
309 1296 374 1339 De
412 1297 458 1339 vi
494 1299 540 1340 et:
575 1310 659 1341 usu
697 1299 1067 1342 instriunentalis
1097 1299 1304 1343 universe
1336 1299 1609 1355 disputatur.

255 1408 591 1450 Instrumentalis
636 1422 762 1450 casus
808 1422 1019 1463 quaenam
1065 1409 1186 1450 fuerit
1234 1410 1436 1462 primaria
1477 1412 1538 1451 vis
1570 1418 1608 1452 et

118 1475 371 1528 significatio
417 1475 472 1517 ab
518 1477 609 1517 aliis
655 1478 946 1529 grammaticis
992 1478 1113 1518 aliter
1157 1482 1236 1518 est·
1259 1477 1609 1520 demonstratum.

117 1543 285 1597 Optime
314 1556 416 1586 vero
447 1544 750 1586 Delbrueckius
795 1545 950 1598 aliique
981 1546 1348 1587 instrumentalem
1380 1547 1420 1586 in
1459 1548 1610 1600 linguis

85 1650 90 1654 .
116 1612 475 1664 indogermanicis
520 1612 715 1664 primitus
746 1625 796 1654 ea
827 1614 993 1655 ratione
1024 1619 1274 1666 usurpatum
1307 1626 1400 1655 esse
1432 1621 1609 1657 conten-

116 1680 281 1731 derunt,
313 1684 357 1720 ut
387 1692 476 1722 rem
509 1680 780 1733 significaret,
818 1694 1002 1734 quaeum
1050 1682 1201 1734 aliquis
1233 1682 1273 1722 in
1307 1683 1472 1734 agendo
1505 1696 1609 1725 con-

115 1749 305 1790 sociatus
345 1760 440 1790 esse
485 1749 705 1790 diceretur.
765 1749 886 1790 Hane
932 1751 964 1789 si
997 1751 1239 1802 generalem
1271 1751 1609 1793 instrumentalis

117 1815 469 1869 significationem
501 1816 631 1858 fuisse
677 1817 1074 1867 existimaverimus,
1122 1817 1244 1859 facile
1291 1831 1374 1871 quo
1407 1819 1535 1861 modo
1567 1821 1606 1861 in

115 1885 236 1925 varia
280 1896 438 1937 genera
483 1884 650 1926 fluxerit
696 1898 797 1926 usus
828 1886 1133 1938 intellegemus.
1194 1885 1302 1926 Nam
1335 1887 1517 1939 primum
1551 1889 1609 1929 in-

116 1953 404 1994 strumentalis
449 1954 657 1995 sociativo
699 1966 825 1995 sensu
859 1967 1066 2006 personas
1098 1954 1162 1994 vel
1194 1966 1262 1995 res
1292 1954 1464 2001 indicat,
1499 1968 1609 2008 quae

114 2020 232 2062 verbi
261 2021 476 2062 actionem
507 2022 628 2074 quasi
661 2022 932 2072 comitantur,
965 2022 1118 2063 deinde
1138 2022 1486 2072 instrumentalis,
1511 2036 1610 2064 cum

114 2089 386 2142 prosecutiva
416 2089 457 2129 vi
487 2094 714 2141 usurpatus
760 2095 836 2141 est,
879 2090 1076 2143 spatium,
1108 2102 1183 2141 per
1213 2090 1328 2143 quod
1359 2090 1470 2131 actio
1504 2103 1607 2132 con-

114 2156 314 2205 tinuatur,
360 2157 449 2197 sive
493 2157 576 2198 loci
607 2158 695 2198 sive
726 2159 944 2210 temporis,
977 2157 1198 2210 significat,
1231 2164 1322 2198 tum
1352 2159 1606 2200 instrumen-

114 2224 200 2275 tali,
233 2225 304 2277 qui
335 2226 504 2277 proprie
534 2225 595 2265 sie
627 2227 874 2278 appellatur,
907 2227 1155 2279 exprimitur
1176 2226 1503 2267 instrumentum
1522 2240 1606 2280 quo

116 2291 218 2345 quid
248 2291 438 2334 efficitur.
498 2293 610 2334 Illius
640 2306 742 2335 vero
774 2307 901 2335 casus
931 2294 974 2334 in
1005 2294 1148 2346 lingua
1179 2294 1310 2334 latina
1348 2307 1487 2346 pauca
1518 2300 1607 2336 tan-

114 2364 203 2400 tum
235 2366 534 2402 remanserunt
564 2363 754 2414 vestigia,
784 2364 883 2415 quia
905 2367 1048 2414 partes
1071 2362 1161 2403 eius
1184 2374 1367 2415 quoque,
1391 2375 1488 2403 eum
1511 2375 1607 2404 exo-

114 2427 298 2479 levisset,
345 2428 399 2469 ab
445 2429 632 2470 ablativo
677 2435 877 2482 receptae
922 2435 1031 2470 sunt.
1091 2429 1176 2470 Iam
1221 2430 1334 2482 apud
1367 2430 1605 2472 Lucretium

115 2495 320 2548 quoniam
358 2509 461 2537 usus
491 2497 665 2537 ablativi
696 2498 1032 2538 instrumentalis
1063 2498 1165 2538 mihi
1197 2498 1276 2539 erit
1307 2499 1606 2540 demonstran—

115 2563 206 2614 dus,
238 2564 422 2616 primum
470 2566 522 2605 de
567 2565 790 2616 sociativo,
837 2566 990 2607 deinde
1036 2566 1088 2607 de
1134 2567 1404 2618 prosecutivo
1436 2579 1604 2618 genere,

114 2636 203 2672 tum
249 2632 301 2673 de
342 2632 653 2674 instrumentali
691 2635 862 2686 proprio
894 2647 1021 2686 agam
1053 2646 1149 2675 eam
1199 2634 1411 2675 rationem
1442 2636 1604 2687 perspi-

115 2699 284 2740 cuitatis
315 2712 446 2741 causa
478 2706 663 2752 secutus,
697 2707 742 2742 ut
773 2702 947 2744 nomina
989 2703 1030 2742 in
1054 2702 1214 2754 primis,
1253 2715 1340 2743 non
1377 2701 1507 2744 verba
1538 2715 1605 2744 re-

114 2767 258 2818 gentia
288 2768 527 2820 respiciam.
