1986 3327
1469 210 1523 251 29

94 346 236 397 Atque
279 345 372 386 ideo
422 347 554 386 totum
602 343 758 384 circum
796 346 974 384 tremere
1007 343 1183 383 (cethem
1212 342 1399 397 siquis
1429 345 1579 397 [arpo—

93 414 256 466 mcnts:
286 413 323 454 V
353 412 435 454 298
483 411 603 462 Quin
650 410 778 451 etiam
824 412 1041 451 nocturna
1083 433 1120 441 ··
1158 410 1356 451 Lumina
1501 413 1580 451 tre-

94 493 209 521 mere
239 479 471 533 mnibus
503 478 686 530 instant,
724 478 796 519 ubi
826 477 1032 519 Meissner
1062 491 1099 530 p.
1130 478 1185 518 24
1216 477 1448 518 ablativum
1479 482 1581 519 cau-'

95 560 170 590 sae
201 548 357 599 statuit,
404 547 484 587 nisi
517 548 695 587 tremere
735 545 788 586 ad
820 545 1137 586 similitudinem
1168 544 1408 596 verborum⁷
1441 546 1581 598 qualia

95 620 194 656 sunt
215 615 372 667 pluere
402 614 578 662 sudare,
611 626 707 654 cum
754 613 939 654 ablativo
971 613 1240 653 instrumenti
1270 614 1455 664 positum
1489 626 1583 655 esse

97 688 306 737 putamus.

503 794 531 848 ξ
564 795 632 838 22.
692 794 937 839 Ablativus
968 794 1178 838 moda-lis.

319 895 350 928 1.
398 894 454 928 De
481 893 636 938 origine
662 895 786 937 atque
810 895 960 928 natura
985 893 1156 928 ablativi
1179 893 1364 927 modalis.

236 973 343 1016 Cum
374 973 561 1015 ablativo
594 975 802 1015 sociative
834 974 869 1014 is
891 980 982 1014 arte
1005 974 1437 1015 cohaeret-ablativus
1461 987 1584 1027 quem

98 1042 363 1084 modalem
395 1042 571 1094 appello.
631 1041 764 1082 Huius
795 1041 969 1082 ablativi
1001 1041 1084 1082 duo
1117 1053 1274 1093 genera
1306 1042 1491 1082 discerni
1523 1055 1587 1083 so-

97 1111 196 1160 lent,
229 1122 411 1163 quorum
456 1110 561 1150 alter
592 1108 873 1150 ablativus
906 1110 1221 1159 comitatus,
1255 1110 1360 1151 alter
1391 1109 1586 1155 ablati-

98 1191 195 1219 vus
228 1177 371 1218 modi
411 1177 534 1229 vulgo
567 1177 823 1218 nominatur.
861 1177 1131 1230 Quamquam
1163 1177 1268 1218 fines
1299 1178 1451 1218 horum
1469 1177 1587 1218 abla-

96 1247 280 1287 tivorum
313 1257 442 1298 saepe
473 1246 532 1286 ita
564 1244 892 1296 confunduntur,
924 1249 969 1286 ut
1001 1258 1308 1299 nonnunquam
1341 1246 1422 1286 utri
1443 1247 1588 1298 generi

98 1313 307 1355 ablativus
338 1313 518 1354 modalis
549 1312 868 1365 subiungendus
899 1314 951 1353 sit
983 1313 1169 1355 incertus
1200 1314 1390 1355 haereas

562 1414 598 1447 2.
647 1414 861 1448 Ablativus
890 1414 1123 1448 comitatus.

234 1493 455 1534 Ablativus
487 1495 716 1535 comitatus
755 1494 825 1546 qui
857 1494 1093 1546 appellatur
1126 1506 1206 1545 res,
1239 1506 1349 1547 quae
1381 1494 1590 1535 extrinse-

100 1575 176 1603 cus
222 1562 375 1603 allatae
421 1562 634 1602 actionem
681 1561 747 1602 vel
792 1566 950 1602 statum
999 1562 1121 1614 quasi
1153 1562 1346 1603 comitari
1382 1562 1589 1611 dicuntur,

100 1630 306 1682 exprimit.
366 1629 506 1682 Atque
551 1630 794 1671 huiusmodi
837 1629 1009 1670 ablativi
1041 1631 1083 1670 in
1114 1642 1244 1682 prosa
1290 1630 1484 1670 oratione
1516 1629 1590 1670 ad-

100 1698 254 1739 iectivo
286 1702 359 1738 aut
388 1697 642 1738 substantivi
673 1698 870 1750 genetivo
889 1697 1155 1748 definiuntur,
1183 1699 1295 1749 apud
1317 1702 1468 1750 poetas
1490 1709 1591 1738 vero

99 1766 310 1807 interdum
356 1766 447 1807 sine
492 1766 575 1806 ulla
624 1766 978 1807 determinatione
1027 1770 1253 1818 ponuntur.
1326 1765 1433 1805 Nam
1480 1765 1590 1817 apud

99 1832 295 1886 optimos
344 1835 573 1886 scriptores
638 1834 834 1874 ablativis
880 1834 1110 1874 comitatus
1155 1833 1403 1873 attributiva
1454 1833 1592 1874 deter-

101 1902 336 1943 minatione
366 1901 589 1954 egentibus
622 1901 707 1943 fere
739 1913 922 1955 semper,
957 1901 1248 1942 additamento
1278 1900 1459 1942 definitis
1480 1901 1593 1941 haud

99 1982 198 2011 raro
231 1970 473 2022 adiungitur
504 1970 763 2022 praepositio
796 1983 904 2010 eum.
965 1969 1059 2020 Qua
1081 1970 1122 2008 in
1144 1981 1190 2009 re
1207 1968 1426 2009 Lucretius
1448 1981 1594 2021 quam-

99 2050 229 2091 quam
276 2037 388 2078 hanc
438 2050 632 2079 normam
681 2039 856 2079 omnino
897 2038 1100 2090 sequitur,
1134 2036 1494 2089 praepositionem
1528 2042 1591 2077 ta-

101 2118 198 2147 men
239 2110 408 2159 praeter
453 2106 697 2159 opinionem
743 2106 933 2159 plurimis
977 2105 1082 2146 locis
1114 2105 1242 2153 addit,
1275 2105 1447 2157 saepius
1490 2116 1590 2146 vero

100 2186 275 2225 prorsus
320 2173 486 2214 omittit.
547 2173 624 2225 Qui
674 2173 785 2226 apud
832 2173 1073 2214 Lucretium
1119 2173 1391 2214 inveniuntur
1421 2172 1591 2213 ablativi

100 2242 329 2282 comitatus
360 2254 435 2282 eos
466 2241 574 2282 infra
607 2241 873 2283 examinabo.

237 2321 274 2349 a.
333 2308 520 2350 Primum
568 2310 610 2350 in
661 2309 846 2351 ablativo
894 2310 1123 2350 comitatus
1168 2314 1382 2362 ponuntur
1419 2309 1592 2350 nomina

100 2376 367 2418 substantiva
412 2390 522 2430 quae
567 2390 723 2431 corpus
768 2379 833 2419 vel
877 2378 1066 2430 singulas
1113 2377 1304 2430 corporis
1341 2382 1483 2429 partes
1521 2389 1592 2418 ex—

101 2445 308 2498 primunt:

237 2515 395 2554 cervix.
454 2513 508 2554 VI
540 2515 621 2554 744
653 2513 769 2564 quod
808 2536 817 2544 ·
838 2536 874 2544 ·-
913 2511 1184 2563 Praecipites
1215 2535 1222 2542 ·
1254 2512 1593 2553 eademtmolli

100 2580 318 2621 cervice
342 2579 558 2633 profusae
589 2579 650 2621 In
683 2583 857 2621 terram.

239 2661 320 2689 cor.
381 2648 397 2689 Ι
427 2649 483 2689 44
512 2648 549 2689 V
579 2648 663 2689 882
692 2647 751 2688 Id
798 2647 895 2688 licet
924 2646 1025 2688 him·
1057 2647 1257 2698 [succutitis
1289 2646 1470 2688 hebeti
1502 2661 1591 2702 eos]-

101 2729 276 2757 noseere
307 2716 478 2758 eorde.
539 2716 805 2769 Praepositio
845 2729 941 2756 eum
975 2717 1219 2768 apponitur:
1255 2715 1307 2756 Vl
1343 2716 1447 2757 1233
1480 2717 1596 2767 qnod

215 2782 436 2834 Defiez'ens
469 2783 614 2825 ammo
645 2786 806 2824 maesto
839 2797 934 2825 eum
969 2783 1094 2824 eorde
1126 2782 1302 2824 iacebat.
