1932 3327
371 207 450 247 102

315 355 414 382 vum
457 342 672 395 qualitatis
712 341 910 383 liberiore
953 340 1266 393 significatione
1303 343 1552 393 usurpatum
1587 351 1682 381 esse
1713 352 1820 382 con-

316 409 464 460 tendit,
513 410 681 462 qualem
728 409 959 450 ablativum
1004 420 1183 450 necesse
1215 412 1279 449 est
1311 408 1576 460 accipiamus
1607 407 1819 460 scriptura

317 477 515 518 codicum
548 491 630 528 (sete
662 477 705 517 in
736 476 834 527 qnis-
866 480 1044 527 mutata,
1078 475 1192 529 quod
1223 475 1371 517 volunt
1403 479 1581 516 auctore
1613 473 1821 517 Goebelio

319 545 640 587 Bockemueller
672 549 713 587 et
744 544 928 597 Brieger,
963 557 1048 597 quo
1081 544 1237 585 clarior
1267 543 1340 584 fiat
1371 543 1584 584 sententia
1605 543 1698 584 loci.
1731 543 1822 583 Nec

316 614 423 654 satis
465 618 529 654 est
560 625 732 664 causae,
765 626 840 654 cur
871 625 895 653 a
929 612 1125 653 codicum
1158 611 1415 652 auctoritate
1446 610 1712 662 recedamus,
1745 621 1819 652 ne-

318 693 400 734 que
447 682 678 734 quicquam
711 680 882 722 obstare
915 680 1092 730 videtur,
1127 679 1356 732 quominus
1388 677 1620 719 ablativum
1653 677 1822 720 relatio-

301 749 383 789 'nis
424 753 593 791 exstare
639 754 849 802 putemus,
891 761 987 789 cum
1020 747 1125 789 satis
1158 747 1275 787 multi
1308 746 1517 788 eiusmodi
1549 745 1723 786 ablativi
1754 746 1820 786 in—

319 818 556 869 veniantur,
589 818 703 858 velut
734 817 846 869 apud
878 816 1076 856 Plautum
1106 814 1227 856 Most.
1261 815 1342 855 708
1366 813 1444 865 pol
1479 813 1619 854 neseio
1654 815 1703 852 ut
1733 826 1820 853 mo-

320 884 439 925 ribus
470 884 585 926 mnf
617 887 806 935 sos-tum&
838 884 993 925 Bacch.
1029 884 1135 924 1108
1169 881 1305 935 igye'tm·
1328 881 1435 933 pari
1456 880 1654 933 fortuna,
1678 881 1821 921 aetate

321 955 370 991 af
413 966 579 1001 sumens,
628 952 804 1003 utimur,
850 951 921 993 ubi
969 951 1274 1004 Blomquistius
1322 963 1358 1002 p.
1401 949 1455 991 84
1487 961 1532 990 se
1564 949 1731 991 nescire
1764 961 1820 989 an

321 1021 531 1062 ablativus
577 1022 718 1074 potius
757 1020 977 1062 relationis
1016 1031 1146 1072 quam
1178 1018 1395 1072 qualitatis
1426 1017 1734 1070 intellegendus
1766 1017 1819 1058 sit

321 1089 559 1141 confitetur,
600 1094 641 1130 et
673 1089 785 1141 apud
816 1088 1034 1129 Valerium
1067 1087 1302 1128 Maximum
1332 1085 1381 1126 III
1413 1086 1450 1137 2,
1485 1088 1509 1127 6
1541 1084 1693 1136 Neque
1726 1087 1822 1125 erat

320 1158 363 1199 in
415 1172 459 1199 (ὀ
509 1157 698 1199 exercitu
741 1157 972 1209 qnisquam
1020 1159 1099 1197 ((ιιΐ
1137 1155 1361 1197 ηοῖιὶἰὶΐαΐρ
1395 1158 1473 1195 aut
1503 1153 1642 1195 (zizimi
1673 1152 1820 1195 indole

320 1228 399 1267 aar
428 1225 594 1278 facturis
627 1225 746 1278 (teti-5¹,
779 1225 902 1266 ricius
934 1224 1069 1265 saluti
1100 1224 1241 1277 wulfsig
1264 1223 1394 1276 parri
1428 1225 1467 1264 et
1498 1221 1665 1264 ron-suli
1698 1220 1820 1262 debe-

320 1297 394 1345 sfst,
426 1307 511 1348 quo
541 1295 638 1336 loco
670 1294 864 1335 Haaseus
896 1293 946 1334 III
976 1307 1013 1347 p.
1045 1293 1127 1335 686
1159 1306 1196 1333 n.
1229 1293 1310 1334 568
1340 1291 1574 1333 ablativum
1596 1289 1818 1332 relationis

320 1368 489 1405 exstare
521 1363 664 1414 docet3
697 1362 757 1404 cfr
784 1362 897 1415 apud
919 1361 1160 1403 Lucretium
1189 1361 1239 1401 III
1272 1361 1350 1402 897
1378 1374 1416 1413 p.
1447 1361 1504 1401 50
1526 1372 1557 1400 s.
1579 1372 1617 1400 v.
1638 1357 1819 1409 factmn.

320 1456 371 1460 —
404 1431 457 1473 VI
488 1432 571 1473 414
601 1431 659 1472 At
688 1433 860 1483 saepest
888 1443 1110 1472 numero
1143 1428 1307 1480 factum
1339 1427 1521 1479 fierique
1552 1428 1776 1468 necesses-t.

756 1602 784 1657 ἕ
815 1603 887 1646 30.
945 1602 1187 1646 Ablativus
1218 1613 1390 1644 causae.

458 1705 551 1757 Qua
583 1717 635 1745 ex
667 1705 843 1746 notione
874 1708 991 1745 recte
1024 1703 1300 1745 deducendus
1332 1703 1385 1742 sit
1408 1701 1677 1741 ablativus
1709 1711 1765 1740 ca
1780 1711 1821 1738 u-

322 1785 408 1816 sae
440 1774 511 1827 qui
543 1773 780 1826 appellatur
809 1773 1001 1814 nondum
1032 1773 1142 1813 inter
1172 1771 1479 1824 grammaticos
1508 1771 1688 1815 constat,
1713 1779 1822 1820 quo-

322 1843 438 1884 niam
485 1855 633 1895 parum
683 1842 813 1895 liquet
858 1846 1000 1882 utrum
1047 1840 1234 1881 ablativo
1281 1851 1333 1879 an
1369 1836 1682 1879 instrumentali
1718 1847 1821 1876 casu

322 1913 405 1953 hoc
455 1922 589 1963 genus
635 1909 806 1951 ablativi
850 1908 1123 1950 adnumerari
1165 1912 1372 1961 oporteat.
1424 1906 1694 1959 Quapropter
1725 1903 1822 1944 Del-

323 1979 550 2021 brueckius
592 1979 675 2019 iam
728 1983 857 2019 antea
903 1977 1019 2018 ALl
1051 1991 1088 2030 p.
1134 1977 1181 2017 17
1215 1989 1275 2029 sq.
1309 1980 1349 2017 et
1381 1977 1431 2016 67
1467 1987 1527 2027 sq.
1560 1971 1824 2026 comparatis

324 2047 476 2100 linguis
524 2046 884 2099 indogermanicis
943 2045 1154 2087 ablativos
1200 2044 1395 2086 causales
1446 2043 1603 2083 latinae
1652 2042 1824 2094 linguae

326 2117 479 2169 partim
527 2115 581 2156 ad
628 2115 872 2165 ablativum,
920 2114 1076 2167 partim
1120 2113 1173 2154 ad
1213 2111 1582 2153 instrumentalem
1611 2109 1826 2162 pertinere

327 2190 444 2226 ratus
491 2184 620 2226 etiam
669 2196 781 2224 nunc
828 2182 945 2236 Synt.
994 2196 1030 2235 p.
1070 2182 1149 2222 217
1185 2186 1226 2222 et
1257 2181 1332 2221 271
1371 2193 1432 2232 sq.
1465 2179 1566 2219 nihil
1597 2191 1674 2231 pro
1707 2181 1825 2219 certo

326 2252 549 2294 diiudicari
581 2263 709 2305 posse
742 2251 961 2293 contendit
983 2255 1024 2292 et
1046 2248 1394 2301 Holzweissigius
1415 2247 1698 2288 ablativorum
1722 2258 1825 2287 cau-

326 2333 401 2362 sae
448 2320 554 2361 alios
594 2332 616 2361 e
663 2320 907 2372 separativa
938 2317 1127 2368 notione,
1161 2317 1268 2358 alios
1299 2328 1350 2357 ex
1381 2314 1695 2356 instrument-ali
1725 2326 1825 2367 pro-

326 2389 463 2431 fectos
505 2400 601 2430 esse
639 2401 676 2440 p.
719 2389 770 2430 76
801 2401 863 2440 sq.
897 2387 1032 2428 docet.
1093 2387 1199 2427 Nam
1232 2386 1273 2425 in
1306 2384 1458 2437 linguis
1488 2383 1826 2436 indogermanae

326 2457 470 2510 stirpis
503 2457 556 2498 ad
589 2468 765 2497 causam
799 2455 1108 2507 designandam
1141 2459 1182 2496 et
1214 2453 1424 2494 ablativus
1456 2465 1582 2493 casus
1604 2456 1646 2493 et
1667 2451 1824 2492 instru—

327 2526 524 2567 mentalis
568 2525 627 2566 ita
672 2529 914 2578 usurpatur,
961 2529 1006 2565 ut
1047 2524 1206 2565 nullum
1245 2521 1564 2574 significationis
1595 2520 1824 2575 discrimen

328 2595 534 2636 interesse
581 2594 788 2645 videatur,
836 2605 1097 2646 quamquam
1145 2591 1362 2633 causalem
1409 2603 1533 2630 usum
1566 2590 1825 2630 instrumen-

327 2663 423 2703 talis
486 2663 616 2703 multo
676 2661 1009 2715 frequentiorem
1078 2673 1207 2714 quam
1265 2659 1438 2700 ablativi
1489 2670 1583 2699 esse
1635 2661 1825 2710 apparet.

327 2731 423 2782 Qua
464 2731 516 2772 de
553 2743 599 2772 re
631 2730 831 2771 ablativis
863 2742 1021 2771 causae
1055 2729 1313 2782 quicumque
1344 2726 1457 2780 apud
1489 2725 1729 2766 Lucretium
1761 2724 1825 2764 in-

327 2799 555 2840 veniuntur
595 2811 680 2840 uno
714 2799 808 2840 loco
842 2798 1058 2850 congestis
1090 2802 1134 2838 ut
1167 2797 1290 2837 huius
1323 2794 1496 2836 ablativi
1526 2806 1649 2834 usum
1688 2797 1824 2834 osten-

1912 1270 1917 1277 =
1917 1234 1921 1242 -
1918 1220 1920 1226 Δ
1902 975 1921 1213 γυιώιὲψωὲ-
1903 534 1921 971 υκκυψιωκιτ-ιε-ξώψ
