1932 3327
389 189 444 230 84

337 324 475 376 Quom
517 324 688 363 interea
726 318 929 360 validis
965 316 1144 359 Veneris
1175 329 1318 367 comp
1333 329 1360 356 a
1370 315 1455 370 yib
1469 329 1528 356 us
1559 314 1764 365 haerent;
1793 313 1832 356 V

329 393 431 443 5543
462 390 517 432 VI
555 391 670 431 1016.
730 387 907 429 Accedit
936 385 987 427 in
1018 385 1301 438 praepositio:
1332 383 1388 425 IV
1419 384 1525 425 1113
1552 382 1700 434 Usque
1723 381 1831 423 adeo
1871 410 1876 413 γ

332 458 489 511 cupide
533 457 582 498 in
626 454 805 497 Veneris
850 452 1131 507 compayibus
1171 451 1382 503 haerena·
1424 451 1479 492 VI
1522 452 1642 494 1016.
1701 450 1833 492 1610

335 526 458 578 Quae
503 523 740 566 minimis
784 522 948 574 stipata·
995 520 1228 562 cohaerent
1253 518 1514 571 partibus
1554 520 1659 559 arte.
1692 542 1745 548 —-
1776 517 1831 559 V1

333 595 440 636 1078
485 591 693 643 Denique
737 604 829 632 non
876 602 1009 630 auro
1050 601 1118 629 res
1157 601 1318 628 aurum
1351 586 1527 639 copulat
1556 599 1663 628 una.
1697 610 1748 615 —-
1780 585 1831 626 III

330 663 416 704 443
446 660 578 702 Aere
609 658 686 711 qui
717 658 869 700 credas
894 670 1024 709 posse
1054 655 1168 697 lianc
1201 653 1435 696 cohiberier
1466 653 1595 695 ullo.
1619 678 1672 683 —
1693 653 1727 694 Π
1747 654 1832 694 814

332 728 485 782 quelli
528 727 670 782 mcc-qis
716 729 821 779 apta
864 724 1076 779 fissura,-
1120 723 1157 765 V
1202 724 1285 765 928
1321 722 1380 763 At
1410 735 1553 776 oenus
1585 721 1831 762 humanum

364 821 374 829 ·
429 796 519 849 fuit
569 819 605 827 ·-
654 793 858 835 validis
897 794 1049 845 aptum
1079 804 1164 843 per
1201 790 1369 832 riscera
1407 789 1613 841 nervis;
1648 789 1754 830 1428
1786 790 1834 829 at

329 879 409 907 nos
447 864 515 906 nil
547 862 682 904 laedit
710 864 822 902 reste
854 874 1001 902 carere
1031 859 1272 911 Purpurea
1304 860 1434 910 atque
1470 871 1599 899 clitro
1630 855 1832 911 siqnis-

334 947 427 985 que
466 929 775 986 inqentibus
808 930 939 981 aptay·
969 928 1048 969 *VI
1078 927 1159 969 357
1196 926 1513 977 Autumnoque
1543 924 1686 979 mayis
1715 923 1831 965 stel-

334 1001 397 1042 lis
437 1000 554 1053 fulc]
569 997 777 1040 entibus
815 998 919 1049 apta
952 994 1211 1038 Concutitur
1242 993 1350 1035 caeli
1382 993 1536 1035 (lomus
1566 991 1829 1046 undiquc¹).

329 1070 364 1111 V
409 1069 492 1110 808
539 1065 801 1109 Crescebant
843 1063 957 1105 uteri
1005 1066 1166 1104 terram
1212 1061 1490 1103 radicibus
1530 1060 1635 1114 apti.
1695 1059 1831 1102 Aliter

329 1137 502 1179 dicitur:
535 1135 568 1176 II
597 1135 681 1176 479
711 1134 794 1175 523
827 1145 940 1184 quae
971 1131 1046 1172 Eoe
1075 1130 1151 1172 hoc
1185 1132 1289 1182 apta
1321 1129 1452 1181 fidem
1485 1129 1639 1180 clueat,-
1669 1127 1724 1170 IV
1745 1128 1831 1170 829

326 1203 547 1246 Bracchia
600 1225 638 1234 ··
688 1200 848 1242 validis
889 1214 942 1241 ex
982 1201 1087 1251 apta
1120 1198 1304 1240 lacertis.
1339 1222 1391 1227 —
1425 1197 1479 1239 IV
1511 1198 1592 1238 427
1625 1195 1830 1237 Porticus

335 1297 372 1305 ··
412 1270 614 1325 quamvis
646 1272 708 1311 est
745 1292 754 1300 ·
774 1292 782 1300 ·
802 1291 811 1300 ·
852 1267 988 1310 Stans·
1028 1290 1065 1298 ··
1107 1266 1155 1308 in
1178 1268 1449 1319 perpetuum
1472 1264 1706 1318 paribus
1734 1262 1829 1315 suf·
1900 1255 1902 1257 ’

326 1342 445 1394 fulta
491 1337 763 1382 columnis,
811 1361 864 1367 —
910 1336 948 1378 V
995 1337 1076 1378 160
1113 1335 1242 1375 deum
1275 1334 1393 1386 quod
1422 1333 1482 1374 sit
1509 1331 1727 1374 ratione
1758 1345 1830 1373 ve-

328 1411 475 1451 tusta
522 1405 736 1449 Gentibus
780 1403 989 1446 Immanis
1034 1403 1278 1455 fundatum
1319 1403 1534 1454 perpetuo
1582 1412 1708 1450 aevo;
1744 1400 1824 1442 927

323 1478 384 1519 At
427 1489 570 1531 yenus
615 1473 862 1515 humanum
915 1494 924 1503 ·
945 1470 1091 1522 ·fuit
1237 1468 1537 1511 maioribus
1570 1471 1610 1510 et
1637 1466 1830 1509 solidis

328 1545 470 1601 mayis
516 1541 726 1585 ossibus
772 1540 893 1583 intus
937 1539 1216 1581 Fundatum.
1249 1562 1304 1568 -—
1337 1537 1386 1578 III
1416 1538 1495 1579 431
1529 1536 1626 1578 vide
1656 1536 1672 1577 I
1702 1549 1740 1590 p.
1771 1537 1829 1578 60

325 1628 356 1656 s.
386 1628 424 1656 v.
457 1612 574 1665 quod
603 1623 758 1665 yenus.
810 1609 894 1652 904
928 1607 998 1650 Tu
1028 1607 1205 1659 quidem
1236 1609 1287 1647 ut
1313 1620 1355 1647 es
1380 1606 1482 1646 leto
1504 1603 1828 1658 sopitus;1038

325 1695 513 1735 quoium
544 1692 664 1721 unus
694 1677 914 1719 Homerus
947 1675 1100 1728 Scept}
1104 1689 1129 1717 a
1151 1674 1321 1727 potitus
1345 1674 1524 1715 eadem
1547 1672 1647 1714 aliis
1666 1671 1828 1726 sopitu'

325 1750 586 1803 quietes&
617 1747 671 1789 VI
702 1748 786 1789 794
817 1745 1181 1796 Gastoreoque
1211 1742 1374 1798 yravi
1404 1741 1563 1783 mulier
1591 1741 1734 1794 sopita
1760 1755 1826 1782 re-

325 1818 496 1862 cumbit.
533 1841 591 1846 -—
628 1815 645 1856 Ι
689 1815 769 1857 133
808 1813 983 1855 morbo
1017 1811 1199 1864 adfectis
1229 1823 1518 1862 somnoque
1549 1809 1761 1862 sepultis;
1790 1809 1828 1851 V
1906 1818 1907 1822 ’

323 1888 408 1930 974
454 1885 531 1927 sed
578 1883 698 1925 taciti
744 1881 1051 1935 respectabant
1086 1893 1375 1931 somnoque
1417 1877 1601 1932 sepulta·
1631 1877 1686 1920 VI
1720 1878 1822 1919 1271

322 1954 516 1996 membra
695 1949 981 1993 Ulceribus
1027 1948 1214 1990 taetris
1253 1961 1394 2001 prope
1439 1946 1530 1988 iam
1575 1944 1829 1998 soi-dique

322 2022 523 2075 sepultay·
563 2019 625 2063 cfr
660 2033 698 2073 p.
743 2021 790 2060 11
831 2032 863 2060 s.
904 2032 940 2059 v.
972 2017 1158 2059 bustum.
1191 2041 1247 2046 —
1278 2011 1330 2058 ΙΙΙ
1362 2017 1474 2058 1090
1502 2013 1700 2056 Proinde
1732 2012 1830 2054 licet
1900 2052 1903 2058 ,

323 2094 432 2145 quot
459 2090 525 2132 cis
556 2088 785 2130 vivendo
819 2086 1003 2128 condere
1033 2085 1190 2127 saecla.

461 2157 611 2200 venire
643 2169 819 2199 currere
851 2153 1099 2196 insinuare.

458 2227 474 2268 I
524 2227 630 2267 1026
679 2224 819 2266 Omne
863 2235 1006 2277 yenus
1051 2223 1193 2262 motus
1232 2222 1273 2261 et
1308 2221 1451 2261 coetus
1483 2217 1827 2271 experiundo

324 2295 527 2337 Tandem
571 2291 815 2334 deveniunt
856 2290 906 2332 in
953 2289 1054 2330 talis
1100 2287 1405 2341 disposituras,
1443 2286 1506 2329 cfr
1534 2286 1571 2329 V
1599 2286 1696 2328 428.
1726 2309 1780 2317 --
1811 2285 1827 2326 Ι

328 2363 434 2405 1003
468 2361 596 2413 Quod
626 2373 768 2412 neque
800 2359 918 2400 clara
948 2371 1042 2398 suo
1057 2369 1321 2409 percurrere
1344 2354 1536 2407 fulmina
1560 2367 1722 2396 cursu
1750 2375 1759 2384 ·
1779 2376 1788 2385 ·
1807 2376 1816 2384 ·

312 2430 505 2484 possint.
537 2454 594 2459 —
625 2429 679 2471 VI
709 2428 793 2469 860
824 2440 923 2483 εῑιηὶ
951 2425 1028 2466 vix
1050 2424 1293 2478 possitper
1314 2426 1438 2476 septa
1462 2423 1688 2464 domorum
1706 2420 1827 2463 Insi-

319 2513 468 2542 nuare
497 2512 629 2540 suum
659 2495 834 2538 ‘radiis
865 2508 927 2536 ar
937 2493 1193 2536 dentibus
1225 2494 1406 2534 aestum.

457 2567 482 2609 f.
527 2567 753 2608 Postremo
799 2563 933 2606 verba
963 2562 1182 2614 nonnulla,
1215 2560 1370 2615 quibus
1401 2534 1636 2602 ablativum
1666 2558 1827 2600 instru-

319 2636 552 2679 mentalem
584 2632 770 2675 adscribi
802 2636 988 2683 constat,
1019 2633 1342 2672 enumerantur:

455 2782 484 2825 ¹)
508 2782 596 2825 apta
622 2777 827 2813 Turnebus
851 2776 1001 2823 primus
1025 2775 1184 2821 scripsit
1206 2785 1275 2821 pro
1301 2774 1386 2809 alta.
