1932 3327
409 196 485 236 116

599 328 865 382 Conspectus
898 328 1074 370 ablativi
1106 330 1301 383 (proprii)
1334 329 1592 372 Lucretiani.

854 458 875 495 I
902 454 1006 496 ΑΜ.
1040 455 1338 509 separativus

775 537 1067 602 ss
1242 558 1398 596 “s

587 624 617 665 6
642 623 746 666 Abl.
783 634 950 665 causae
1239 622 1273 662 2
1299 596 1630 678 Ablsinopioe

584 841 618 881 5
644 839 746 881 Abs.
780 838 1035 880 relationis
1240 840 1273 881 3
1299 839 1400 882 Ahl.
1435 840 1639 894 oriffl’m's

1144 913 1254 923 ,-

1143 944 1172 972 α
1203 932 1406 984 orjffl'm's
1435 931 1463 973 b
1493 933 1730 973 morenae

1388 1008 1436 1025 ff

1335 1026 1385 1043 ss

1136 1092 1193 1111 ‘s'f'

818 1136 852 1177 4
882 1136 988 1178 ΑΜ.
1021 1110 1393 1191 οοηῇᾱαῑαϋοηίε

724 1273 752 1327 ἓ
784 1274 854 1316 3⁶2.
915 1273 1159 1318 Ablativus
1189 1274 1489 1329 separativus.

492 1376 687 1417 plurimis
731 1375 873 1417 verbis
905 1381 943 1416 et
978 1375 1241 1428 simplicibus
1273 1381 1313 1416 et
1345 1375 1598 1428 compositis
1630 1374 1855 1427 appositus

356 1446 538 1487 occurrit
587 1443 814 1494 ablativus,
863 1457 947 1497 quo
996 1457 1180 1497 persona
1226 1444 1290 1485 vel
1329 1456 1396 1484 res
1435 1443 1707 1495 significatur,
1741 1442 1855 1483 unde

357 1513 512 1566 aliquid
557 1512 769 1566 proficisci
818 1513 883 1553 vel
917 1513 1106 1565 separari
1139 1512 1290 1553 dicitur
1323 1510 1608 1557 (ablativus
1640 1522 1853 1563 separa-

357 1582 531 1636 tivus).
592 1582 739 1634 Neque
785 1594 884 1622 raro
932 1595 1010 1622 usu
1058 1581 1183 1627 venit,
1234 1585 1277 1620 ut
1310 1580 1372 1620 vis
1404 1581 1648 1632 separativa
1681 1579 1851 1619 ablativi

358 1651 500 1691 addita
523 1650 842 1703 praepositione
866 1650 1000 1701 magis
1023 1649 1204 1690 dilucide
1227 1649 1488 1701 exprimatur
1510 1648 1573 1689 vel
1598 1648 1731 1688 artius
1753 1645 1854 1688 defi·

359 1720 510 1768 niatur,
561 1731 645 1771 qua
692 1719 732 1758 in
782 1730 827 1758 re
860 1717 1101 1759 Lucretium
1133 1717 1226 1757 aliis
1258 1717 1362 1758 locis
1395 1717 1516 1757 aliter
1548 1716 1684 1768 egisse
1717 1727 1857 1767 neque

358 1789 485 1830 certis
531 1786 692 1840 legibus
738 1787 928 1827 vinctum
976 1798 1070 1828 esse
1112 1787 1179 1826 vix
1212 1791 1275 1827 est
1307 1798 1382 1826 cur
1415 1786 1629 1833 miremur,
1663 1784 1697 1825 si
1729 1784 1857 1824 vacil-

359 1858 516 1898 lantem
549 1861 772 1908 poetarum
806 1855 1033 1896 latinorum
1064 1868 1185 1895 usum
1211 1859 1250 1895 et
1274 1854 1626 1895 consuetudinem
1651 1852 1855 1905 respicia-

361 1938 464 1965 mus.
526 1924 617 1975 Qua
666 1924 716 1965 de
763 1935 896 1964 causa
942 1923 1054 1976 apud
1096 1923 1336 1964 Lucretium
1370 1929 1413 1962 ut
1447 1921 1687 1968 ostendam,
1718 1919 1856 1973 qualis

360 1994 412 2034 sit
446 1994 506 2033 vis
539 1998 579 2034 et
611 2005 712 2032 usus
744 1990 920 2032 ablativi
953 1992 1194 2044 separativi‚
1218 1991 1445 2044 variasque
1467 1990 1695 2032 verborum
1718 1994 1855 2029 struc-

360 2070 478 2103 turas
510 2061 587 2102 sub
620 2074 705 2102 uno
739 2061 863 2113 quasi
895 2065 1130 2113 conspectu
1163 2073 1334 2112 ponam,
1368 2060 1551 2112 primum
1584 2058 1731 2099 omnia
1751 2069 1856 2098 enu-

364 2130 538 2172 merabo
582 2129 713 2170 verba
760 2134 802 2170 et
840 2129 1107 2169 intransitiva
1139 2134 1181 2170 et
1212 2128 1447 2178 transitiva,
1481 2139 1592 2180 quae
1623 2125 1855 2167 ablativum

361 2199 648 2252 separativum
697 2198 785 2238 sive
831 2197 991 2237 nudum
1038 2197 1126 2238 sive
1173 2196 1493 2249 praepositione
1539 2194 1685 2235 fultum
1728 2198 1856 2246 atquc

360 2268 573 2307 firmatum
620 2265 699 2306 sibi
732 2266 991 2316 adsciscunt,
1026 2265 1178 2306 deinde
1211 2265 1419 2306 adiectiva
1452 2269 1492 2305 et
1524 2262 1728 2305 adverbia
1759 2274 1856 2303 cum

362 2337 441 2377 lioc
475 2335 661 2376 ablativo
695 2335 925 2376 coniuncta
958 2333 1159 2375 adferam.

965 2459 1010 2500 Α.
1070 2458 1259 2500 Verba:

921 2574 958 2602 a.
1020 2561 1302 2602 intransitiva.

502 2657 659 2694 cadere.
721 2653 802 2693 *111
841 2654 924 2695 596
962 2652 1211 2705 videmstm·
1337 2650 1493 2692 Mollia
1526 2674 1559 2682 ··
1594 2647 1859 2702 exsanyue'

366 2725 555 2762 trunco
603 2721 756 2762 cadere
804 2720 948 2761 omnia
997 2719 1214 2761 membra:
1251 2720 1390 2761 versui
1422 2720 1466 2760 in
1497 2718 1715 2760 codicibus
1745 2717 1859 2758 iusto

365 2790 547 2832 breviori
579 2789 882 2831 Lachmannus
916 2791 1068 2830 trumo
1102 2788 1262 2829 addidit
1294 2801 1317 2830 c
1348 2800 1474 2829 versu
1505 2787 1588 2829 654
1620 2786 1744 2827 huius
1765 2785 1858 2826 libri

1927 1159 1932 1166 .
1924 973 1932 1106 ..-.—.—-
