1986 3327
449 201 476 241 4

395 335 711 377 similitudinem
752 339 790 376 et
830 334 1095 388 frequentem
1136 335 1307 376 ablativi
1346 349 1469 377 usum
1509 337 1714 390 paulatim
1746 339 1887 381 exole-

382 405 537 454 ·visset,
589 402 798 445 ablativus
849 404 1046 456 proprius
1094 403 1283 445 muneris
1330 417 1415 457 quo
1462 404 1610 446 localis
1655 407 1888 460 antiquitus

394 471 563 513 functus
595 476 687 512 erat
717 475 860 523 partes
891 471 1079 523 suscepit
1110 476 1239 524 atque
1272 472 1612 525 praepositiones
1643 473 1767 515 locali
1790 486 1889 527 pro-

394 540 483 592 prie
521 539 688 580 additas
720 537 799 579 sibi
831 539 1022 580 adscivit.
1083 538 1221 579 Nihilo
1254 538 1393 579 minus
1424 539 1537 591 apud
1568 540 1798 593 scriptores
1828 542 1889 583 la-

392 609 505 649 tinos
542 607 657 648 haud
702 619 868 660 paucae
904 611 1202 648 remanserunt
1239 607 1490 658 locutiones,
1524 607 1677 660 quibus
1708 609 1818 651 inest
1849 616 1888 652 et

391 675 530 717 forma
561 681 602 717 et
632 675 883 728 significatio
928 687 1056 716 casus
1102 674 1263 726 localiS,
1314 687 1425 728 quae
1455 679 1555 728 apte
1585 675 1658 717 ubi
1689 676 1741 719 de
1773 676 1890 718 abla-

391 746 479 786 tivo
524 745 648 786 locali
694 745 832 798 agitur
876 743 1054 796 proferri
1099 748 1291 796 possunt.
1352 744 1490 795 Quam
1537 744 1591 786 ob
1637 757 1727 787 rem
1779 746 1890 800 apud

392 813 635 855 Lucretium
680 816 882 854 accurate
913 811 1049 865 qualis
1093 809 1218 853 fuerit
1248 811 1311 852 vis
1343 817 1384 853 et
1414 825 1516 853 usus
1546 813 1732 864 locativi,
1764 826 1890 867 quem

394 881 614 922 brevitatis
652 884 694 921 et
730 879 1046 932 perspicuitatis
1086 891 1220 920 causa
1257 879 1437 932 appello,
1469 885 1511 922 et
1542 880 1715 922 ablativi
1745 881 1892 924 localis

393 950 646 992 examinans
675 949 859 1002 primum
890 947 942 989 de
974 947 1162 989 ablativo
1193 947 1318 988 locali
1349 948 1521 1001 proprio
1555 953 1597 991 et
1618 949 1700 991 loci
1722 953 1764 992 et
1783 954 1892 991 tem-

395 1018 524 1071 poris,
557 1016 709 1058 deinde
741 1015 794 1058 de
831 1015 1018 1057 ablativo
1058 1009 1192 1056 locali
1215 1014 1328 1056 finali
1361 1016 1432 1068 qui
1463 1020 1643 1058 vocatur
1674 1017 1892 1059 disseram.

660 1106 930 1160 Conspectus
960 1105 1171 1160 (ablativi)
1204 1106 1352 1148 localis
1384 1107 1632 1149 Lucretiani.

969 1246 991 1284 I
1015 1241 1118 1284 ΑΜ.
1150 1243 1323 1285 locali-s·

910 1347 939 1376 α
967 1333 1067 1376 Ioci
1093 1332 1123 1375 b
1155 1333 1386 1389 temporis

1008 1396 1275 1433 NJ

1135 1467 1138 1495 l

951 1622 986 1663 2
1010 1622 1113 1666 Abi.
1147 1622 1322 1665 flnalis

905 1704 934 1732 α
961 1691 1062 1734 Ioci
1087 1691 1117 1734 b
1149 1689 1377 1746 temporis

828 1827 856 1882 ἕ
890 1828 958 1871 18.
1018 1829 1259 1873 Ablativus
1289 1828 1466 1887 localis.

634 1917 664 1950 1.
713 1916 769 1950 De
796 1916 952 1961 origine
978 1918 1102 1961 atque
1127 1919 1278 1952 natura,
1302 1916 1474 1951 ablativi
1499 1915 1657 1950 localis.

531 1986 575 2026 In
612 1986 757 2039 lingua
793 1986 925 2027 latina
956 1987 1187 2028 locativum
1220 1991 1261 2028 et
1291 1990 1578 2040 posteaquam
1610 1984 1794 2027 exolevit
1824 1983 1895 2025 ab·

397 2054 572 2094 lativum
613 2053 769 2106 duplici
808 2054 935 2096 modo
967 2060 1219 2108 usurpatum
1251 2066 1346 2096 esse
1378 2054 1573 2103 diximus,
1606 2057 1651 2094 ut
1681 2057 1723 2094 et
1752 2052 1894 2094 locum

396 2121 468 2162 ubi
513 2122 613 2175 quid
658 2126 771 2164 esset
817 2126 858 2164 et
903 2127 1074 2176 tempus
1119 2136 1204 2177 quo
1251 2122 1412 2176 aliquid
1448 2126 1646 2175 ageretur
1676 2120 1895 2162 indicaret.

397 2190 537 2243 Atque
569 2189 623 2231 ad
653 2190 734 2231 has
765 2191 964 2233 notiones
1001 2191 1301 2244 exprimendas
1333 2190 1447 2232 nudo
1479 2189 1667 2231 ablativo
1698 2189 1895 2243 quamvis

395 2258 562 2311 priscos
592 2259 823 2311 scriptores
854 2261 959 2300 satis
989 2258 1234 2313 frequenter
1264 2271 1368 2300 usos
1398 2270 1494 2300 esse
1525 2261 1705 2308 constet,
1738 2256 1809 2298 ubi
1830 2257 1894 2297 in-

398 2325 587 2369 crebruit
637 2334 739 2368 usus
791 2328 1172 2380 praepositionum,
1219 2340 1244 2369 a
1290 2325 1602 2369 recentioribus
1646 2325 1895 2378 plerumque

398 2394 569 2437 additae
610 2400 707 2436 sunt
747 2395 1103 2448 praepositiones,
1144 2400 1190 2436 ut
1226 2407 1399 2436 sensum
1440 2393 1573 2435 animi
1609 2405 1738 2447 quam
1771 2403 1894 2446 aper-

398 2463 564 2505 tissime
594 2463 890 2516 exprimerent.
949 2463 1075 2505 Velut
1105 2463 1219 2516 apud
1246 2468 1413 2505 veteres
1435 2474 1523 2503 non
1544 2473 1720 2514 prorsus
1741 2460 1893 2503 desunt

398 2531 752 2585 praepositiones,
785 2532 844 2572 ita
875 2532 1088 2584 posterius
1120 2532 1261 2573 denuo
1292 2543 1417 2572 usum
1440 2528 1614 2571 ablativi
1636 2529 1748 2570 nude
1768 2529 1893 2582 positi

401 2600 536 2652 magis
569 2600 792 2653 magisque
822 2600 1083 2653 divulgatum
1115 2611 1211 2643 esse
1242 2611 1381 2653 eoque
1411 2599 1590 2640 multum
1611 2597 1894 2651 praepositio-

398 2680 498 2708 num
540 2668 635 2708 usui
673 2668 911 2709 detractum
952 2668 1158 2711 videmus.
1219 2669 1307 2710 Nec
1346 2680 1433 2709 non
1475 2678 1500 2708 a
1539 2666 1735 2708 Lucretio
1770 2677 1894 2721 usur-

398 2741 554 2789 pantur
591 2741 633 2777 et
675 2736 846 2777 locativi
878 2741 920 2778 et
950 2736 1122 2779 ablativi
1153 2737 1312 2778 locales
1343 2735 1433 2776 sive
1465 2734 1566 2776 nudi
1597 2734 1688 2776 sive
1716 2746 1740 2775 e
1770 2745 1894 2787 prae-

399 2805 611 2857 positione
642 2805 888 2857 pendentes,
921 2806 993 2859 qui
1025 2805 1243 2859 quomodo
1275 2807 1505 2846 occurrant
1535 2802 1740 2856 exemplis
1755 2801 1894 2843 allatis

399 2872 506 2913 infra
537 2872 920 2914 demonstrandum
953 2875 1040 2915 erit.
