1932 3327
363 159 416 200 56

308 294 388 334 779
436 291 722 333 deridiculum
767 306 856 332 esse
896 291 1080 344 videtur,
1119 292 1366 344 Eappetmw
1398 293 1656 336 immortalis
1686 309 1799 336 mor-

310 359 414 399 talia
445 358 637 399 incudm-a
667 358 953 401 Innumero
992 373 1218 401 numero.

443 441 610 468 summa.
669 427 701 467 Il
738 429 844 470 1054
875 428 971 469 vide
1003 441 1143 481 supra.

440 496 564 535 vires.
627 495 676 536 ΙΙΙ
707 497 789 537 449
836 495 909 536 ‘aba‘
945 495 1175 537 ‘robustis‘
1207 496 1395 537 adolamft
1424 497 1625 538 viribus
1658 501 1800 540 aetas:

305 564 388 604 452
420 562 493 603 uhi
532 586 540 594 ·
562 586 569 594 ·
590 587 598 594 ·
639 563 834 604 obtusis
873 563 1177 605 ceciderunt
1206 564 1372 605 rt're'bu-s·
1405 567 1552 608 uitus:
1600 567 1664 608 his
1695 567 1800 609 locis

305 631 515 672 ablativus
557 632 610 672 ad
643 633 859 674 causalem
892 633 1111 674 nationem
1143 645 1277 686 prope
1309 633 1486 675 accedit.
1553 634 1588 675 V
1619 634 1701 676 819
1745 634 1804 676 At

307 698 479 739 voa-itas·
520 699 677 741 mundi
718 713 795 741 nec·
831 700 1001 754 sriyom
1035 701 1147 741 dura
1181 700 1319 741 eivhat
1346 700 1434 741 Nee
1464 701 1624 743 nimios
1656 705 1803 743 aestus·

307 780 385 807 ‘nec
433 767 634 821 maym's
672 767 876 808 viribus
914 782 1062 821 nigras.
1122 769 1389 822 Praepositio
1423 775 1628 823 usurpata
1661 775 1742 812 est:
1789 770 1804 811 l

308 835 388 876 287
438 834 497 875 ita
653 835 847 876 Moleslms
878 836 1080 888 salumn-rit,
1112 835 1272 877 rabidis
1304 851 1396 878 cum
1434 837 1610 888 viribus,
1645 837 1802 880 (tonnis.

442 902 533 944 Hoc
579 903 674 944 Ioco
721 903 846 945 nobis
893 909 957 945 est
1007 904 1435 947 animadvertendum
1483 906 1733 959 saepissime
1779 919 1805 948 a

309 971 504 1012 Lucretio
545 971 726 1012 eandem
759 972 844 1012 vim
877 977 918 1013 et
949 973 1196 1025 qualitatem
1230 973 1415 1014 nominis
1448 978 1487 1014 et
1518 974 1731 1016 adiectivo
1763 979 1805 1016 et

307 1038 493 1080 ablativo
540 1039 794 1080 substantivi
846 1040 1089 1090 ιῖσιϊὸέῑως
1140 1041 1379 1081 coniunctis
1430 1041 1607 1094 exprimi
1654 1042 1803 1094 solere,

309 1107 512 1160 quoniam
552 1113 693 1160 poeta,
735 1113 780 1148 ut
812 1112 877 1149 est
907 1107 1166 1149 abundantis
1198 1108 1365 1150 dicendi
1396 1109 1565 1161 generis
1597 1111 1803 1151 amantis-

307 1176 452 1225 simus,
487 1175 651 1216 duabus
682 1176 969 1218 locutionibus
1000 1188 1089 1218 rem
1121 1177 1376 1218 luculentius
1408 1182 1448 1217 et
1479 1177 1696 1230 copiosius
1733 1177 1805 1218 de-

308 1243 496 1285 scribere
541 1248 580 1285 et
628 1245 838 1287 illustrare
884 1246 1044 1286 mavult
1090 1258 1218 1298 quam
1262 1246 1507 1298 simpliciter
1552 1245 1742 1299 proferre
1761 1248 1806 1300 l).

307 1311 416 1352 Fieri
463 1324 634 1365 quoque
676 1312 887 1353 interdum
927 1315 1076 1365 potuit,
1109 1318 1153 1354 ut
1195 1318 1323 1366 poeta
1354 1316 1540 1367 ‘propter
1570 1319 1804 1367 egestatem

306 1380 477 1432 linguae
523 1385 563 1422 et
609 1393 751 1422 rerum
799 1382 1046 1422 novitatem·
1086 1382 1139 1422 ad
1178 1387 1375 1422 naturam
1407 1394 1619 1435 personae
1649 1383 1716 1424 vel
1746 1384 1807 1425 rei

309 1447 649 1500 describendam,
683 1462 779 1489 cum
813 1449 1025 1490 adiectiva
1056 1450 1297 1502 composita
1329 1462 1468 1503 neque
1506 1456 1678 1503 praesto
1710 1463 1808 1493 esse

306 1516 511 1568 reperiret
555 1528 694 1569 neque
741 1529 853 1558 nova
899 1517 1056 1570 fingere
1087 1518 1224 1565 vellet,
1257 1518 1382 1559 solito
1415 1517 1585 1560 liberius
1617 1518 1805 1561 ablativo

307 1583 348 1623 in
393 1584 523 1624 variis
560 1585 784 1625 structuris
821 1590 1021 1627 uteretur.
1082 1585 1201 1637 Quae
1234 1599 1330 1627 cum
1363 1587 1422 1626 ita
1453 1587 1550 1637 sint,
1583 1587 1802 1628 diiudicari

307 1665 617 1705 nonnunquam
649 1665 736 1693 non
767 1658 921 1705 potest,
955 1659 1047 1695 uter
1078 1654 1288 1695 ablativus
1320 1655 1537 1708 qualitatis
1569 1668 1623 1696 an
1647 1667 1806 1698 causae

308 1721 449 1772 potius
481 1721 733 1762 statuendus
765 1723 831 1772 sit,
865 1734 1004 1775 neque
1035 1722 1190 1763 infitias
1221 1735 1272 1764 eo
1306 1723 1520 1764 nonnullis
1546 1736 1654 1777 quos
1676 1737 1806 1777 supra

308 1789 426 1828 attuli
473 1788 578 1830 locis
621 1789 673 1830 de
710 1789 880 1830 ablativi
914 1791 1090 1832 notione
1122 1790 1307 1831 dubitari
1340 1803 1477 1844 posse.
1539 1791 1694 1834 Postea
1725 1792 1806 1837 sub

308 1856 493 1898 ablativo
536 1870 693 1899 causae
726 1870 800 1899 eos
844 1858 1060 1911 proferam
1093 1859 1224 1911 locos,
1257 1859 1327 1900 ubi
1365 1859 1552 1901 ablativo
1587 1861 1803 1903 causalem

307 1925 528 1967 notionem
561 1926 744 1967 adtribui
777 1932 976 1979 oportere
1009 1928 1109 1968 mihi
1140 1928 1318 1969 videtur.

662 2118 691 2171 ἓ
723 2120 792 2162 24.
852 2120 1095 2164 Ablativus
1123 2122 1454 2176 prosecutivus.

439 2220 780 2262 Instrumentalis
831 2221 1085 2275 quibusdam
1139 2223 1180 2262 in
1238 2223 1390 2275 linguis
1440 2223 1805 2276 indogermanicis

309 2289 504 2340 quamvis
549 2289 821 2340 prosecutiva
867 2290 1178 2342 significatione
1224 2291 1329 2331 satis
1366 2290 1565 2344 frequens
1597 2292 1652 2332 sit
1683 2304 1806 2332 usur-

307 2360 445 2407 patus,
492 2356 622 2397 latino
666 2357 854 2399 ablativo
901 2359 1049 2410 paucis
1091 2364 1258 2400 tantum
1291 2360 1495 2412 exemplis
1533 2360 1806 2413 prosecutiva

306 2423 370 2463 vis
401 2424 608 2465 vindicari
640 2429 792 2477 potest.
853 2426 959 2467 Nam
993 2427 1051 2467 ita
1084 2427 1312 2480 praecipuo
1335 2441 1359 2468 a
1381 2427 1659 2480 scriptoribus
1681 2440 1806 2469 usur-

308 2495 444 2543 patur,
492 2497 537 2532 ut
582 2493 695 2533 viam
743 2494 901 2535 indicet
937 2507 1021 2548 qua
1053 2495 1147 2548 quis
1187 2495 1471 2548 proficiscitur
1501 2495 1806 2550 (ablativus

309 2559 456 2612 viae).
517 2560 650 2601 Huius
682 2574 784 2602 usus
816 2562 928 2615 apud
960 2562 1201 2604 Lucretium
1234 2568 1402 2606 exstant
1433 2564 1650 2617 exempla:

368 2752 410 2783 4?
443 2708 471 2751 ¹)
506 2707 563 2742 De
607 2707 667 2743 his
713 2708 828 2743 rebus
869 2709 1084 2744 luculenter
1129 2711 1208 2754 agit
1249 2710 1585 2745 Kraetschius
1625 2710 1807 2756 inprimis

308 2762 343 2795 p.
399 2759 421 2784 ι.
