1986 3327
415 201 471 242 30

497 349 655 388 corpus.
715 336 843 379 1246
887 336 1170 378 Incolumi
1214 342 1449 380 remanent
1491 353 1560 380 res
1596 353 1853 393 eorpore;

358 403 408 444 III
453 406 534 446 640*
576 403 821 457 Corpore
867 405 1077 446 relieiio
1116 419 1323 459 puynam
1369 407 1606 459 caedesque
1651 408 1853 460 petessan-

359 471 412 511 IV
447 473 548 514 1021
599 472 738 524 multi,
786 473 838 514 de
885 472 1102 514 montibus
1143 473 1242 514 altis
1278 474 1337 516 Ut
1366 474 1443 526 qui
1466 475 1765 527 praecipitent
1794 475 1852 516 ad

361 542 521 581 terram
567 554 796 592 corpore
846 543 971 593 toto,
1015 541 1343 594 Externantur,
1381 542 1453 584 ubi
1483 543 1657 596 Brieger
1687 543 1852 586 Bocke-

359 609 606 650 muellerum
653 614 826 650 secutus
871 610 1022 651 melius
1067 614 1168 651 ante
1199 623 1374 662 corpore
1405 617 1621 653 commate
1651 611 1851 653 distinxit.

362 678 465 717 1111
503 675 712 727 quoniam
744 676 811 717 nil
841 676 944 718 inde
976 676 1187 718 alm-cidere
1213 680 1405 732 possunt
1432 677 1520 719 Nee
1543 681 1782 730 penetrare
1813 682 1856 721 et

361 744 479 785 abire
525 743 572 785 in
617 757 772 796 corpus
806 757 1033 796 corpore
1066 746 1196 795 tot0;
1229 746 1262 787 V
1294 746 1377 787 994
1406 746 1466 786 At
1494 760 1601 798 quos
1639 745 1852 801 effugium

359 814 560 853 senserat
596 825 822 864 corpore
860 812 1048 861 adeso:
1087 812 1139 853 VI
1172 814 1279 855 1008
1310 812 1361 864 sit
1390 816 1523 865 utque
1552 814 1730 856 Anulus
1761 814 1852 867 ipse

357 882 572 931 sequatur
619 882 774 931 eatque
812 879 874 920 ita
906 893 1134 932 corpore
1168 882 1290 922 toto.
1353 880 1553 924 Ceterum
1585 881 1780 924 conferas
1811 889 1853 924 et

359 947 436 989 sub
469 948 655 989 ablativo
689 947 906 1001 qualitatis
938 953 979 989 et
1010 948 1087 989 sub
1119 948 1306 990 ablativo
1339 949 1548 991 absoluto.

494 1018 620 1057 frons.
682 1015 740 1058 VI
788 1017 863 1056 117
911 1015 991 1056 Fit
1036 1029 1207 1067 quoque
1247 1016 1361 1058 enim
1399 1016 1515 1059 inter
1546 1018 1651 1059 dum
1681 1020 1733 1058 ut
1760 1031 1852 1060 non

361 1087 446 1126 tam
507 1097 764 1126 concurrere
823 1083 958 1125 nubes
1015 1084 1330 1126 Frontibus
1381 1085 1636 1126 adversis
1677 1085 1857 1138 possint

359 1154 491 1204 quam
524 1153 575 1193 de
607 1152 741 1193 latere
772 1151 847 1193 ire.

495 1223 643 1270 oculus,
688 1225 820 1261 nutus.
880 1219 1042 1261 111466
1087 1218 1452 1272 Interdmnque
1495 1220 1623 1274 [frati
1660 1219 1852 1276 lethargo

356 1287 501 1339 fertur
533 1287 580 1329 in
613 1287 750 1329 (dium
796 1287 1124 1339 Aeternumque
1161 1301 1355 1340 soporem
1390 1287 1568 1329 oeulis
1597 1302 1628 1330 n
1643 1291 1854 1340 utaque

357 1355 602 1397 cadenti.

492 1439 547 1481 os.
607 1424 660 1466 VI
697 1426 805 1466 1174
837 1424 955 1476 ipso
989 1423 1211 1465 venientes
1243 1437 1332 1465 ore
1354 1427 1604 1476 patente.

492 1499 642 1546 pectus.
702 1493 753 1534 III
784 1495 833 1535 81
891 1493 951 1535 Ut
992 1492 1074 1533 sibi
1120 1491 1393 1534 consciscant
1431 1492 1707 1534 maerenti
1731 1506 1852 1545 pee-

358 1565 472 1603 tore
519 1562 674 1612 letum:
719 1562 773 1603 IV
805 1562 889 1603 914
932 1561 998 1602 Xe
1156 1563 1354 1612 retroque
1385 1561 1495 1602 Vera
1525 1560 1852 1613 repulsanti

357 1629 554 1671 disc-edas
578 1632 808 1682 pectore
840 1628 979 1670 dieta:
1015 1630 1114 1670 1271
1151 1628 1189 1669 si
1325 1631 1582 1670 exossato
1606 1628 1852 1670 eietomni

352 1711 381 1749 p
400 1700 576 1739 ertore
612 1697 785 1749 fluetus.
846 1697 1024 1738 Accedit
1055 1710 1150 1737 eum
1183 1697 1465 1750 praepositio:
1496 1696 1550 1738 VI
1580 1697 1633 1738 75
1662 1695 1752 1738 Nec
1781 1696 1852 1738 de·

357 1765 483 1807 lubra
519 1766 647 1807 deum
676 1764 849 1818 placido
883 1778 978 1806 cum
1002 1767 1178 1817 pectore
1210 1764 1362 1806 adibis.

492 1835 658 1886 species.
720 1833 753 1874 Ι[
784 1834 868 1875 664
897 1832 1188 1874 Dissimili
1219 1832 1370 1874 vivont
1397 1832 1598 1885 specie.

491 1903 631 1945 vestis.
691 1901 727 1943 V
759 1902 841 1943 673
871 1900 960 1942 Nee
998 1900 1145 1942 minus
1177 1900 1225 1942 in
1256 1903 1366 1942 certo
1514 1900 1702 1953 imperat
1731 1903 1852 1942 aetas

356 1969 566 2022 Tempore
606 1992 614 2000 ·
659 1968 866 2021 inpubem
898 1968 1057 2010 molli
1080 1968 1318 2021 pubescere
1350 1971 1509 2011 veste.

489 2038 527 2079 b.
587 2037 750 2079 Deinde
780 2038 934 2078 horum
974 2038 1341 2079 substantivorum
1372 2042 1633 2091 usurpantur
1663 2037 1850 2090 ablativi,

354 2107 389 2147 si
420 2106 557 2159 qualis
589 2106 642 2146 sit
675 2105 805 2146 animi
837 2106 903 2147 vel
935 2106 1090 2147 mentis
1121 2110 1275 2147 natura
1307 2107 1573 2159 exprimitur:
1851 2122 1853 2124 ’

488 2177 659 2215 animus.
720 2174 736 2215 I
765 2174 820 2214 42
865 2173 982 2214 Nam
1027 2187 1170 2225 neque
1200 2187 1280 2215 nos
1311 2187 1440 2228 ayere
1471 2173 1546 2215 hoe
1585 2197 1594 2206 ·
1614 2197 1651 2205 -·
1688 2173 1850 2215 Possu-

353 2257 448 2283 mus
481 2256 652 2294 aequo
687 2241 895 2292 animo:
924 2242 974 2283 Ill
1005 2243 1086 2284 939
1119 2240 1210 2283 Cur
1236 2255 1327 2284 non
1454 2241 1637 2294 Aequo
1670 2241 1848 2284 animo

360 2334 366 2342 -
409 2310 529 2363 rapis
575 2324 790 2357 securam,
836 2310 979 2361 stulte,
1024 2309 1239 2361 quietem?
1283 2311 1366 2352 962
1410 2309 1518 2361 Aeq
1534 2324 1597 2351 uo
1645 2309 1849 2351 animo-

351 2393 419 2431 ιμι
433 2393 466 2431 e,
499 2392 578 2433 aye
611 2379 729 2431 dum,
763 2377 912 2432 diynis
943 2378 1146 2420 concede:
1177 2381 1413 2427 necessest;
1446 2379 1482 2420 V
1517 2379 1641 2430 1119;
1673 2378 1709 2420 V
1742 2379 1852 2420 1170

353 2446 525 2499 Quippe
572 2446 729 2488 etenim
778 2445 865 2487 iam
913 2448 1003 2486 tum
1050 2445 1192 2486 divom
1222 2445 1427 2487 mortalia
1457 2445 1599 2487 saecla
1630 2445 1850 2500 Eyreyias

352 2528 420 2556 an
434 2514 535 2555 imo
566 2513 704 2565 facies
736 2527 759 2555 v
780 2513 794 2554 i
803 2513 1023 2568 qilante
1054 2512 1273 2556 ridebant.

485 2595 608 2623 mens.
671 2582 686 2623 I
718 2582 772 2622 74
786 2582 882 2624 vide
904 2595 942 2635 p.
964 2581 1030 2623 28.
1055 2582 1137 2623 925
1160 2594 1243 2633 quo
1267 2595 1389 2624 nunc
1412 2581 1650 2623 instinctus
1672 2583 1847 2623 mente

353 2648 402 2689 oi
412 2663 440 2703 9
456 2650 575 2691 enti
620 2649 734 2691 Aria
778 2649 1012 2691 Pieridum
1035 2662 1228 2708 peraer
1263 2649 1376 2698 loca;
1413 2650 1520 2692 1022
1552 2650 1588 2692 V
1616 2651 1701 2692 420
1728 2648 1845 2691 Nam

350 2719 460 2758 certe
491 2731 636 2769 neque
668 2717 844 2759 consilio
868 2716 1120 2770 primordia
1150 2730 1299 2759 *rerum
1332 2716 1502 2760 Ordine
1532 2731 1577 2759 se
1606 2731 1684 2758 suo
1715 2729 1846 2768 quae-

349 2799 432 2836 que
465 2799 522 2827 sa
534 2786 659 2840 φασὶ
690 2789 868 2828 mente
901 2786 1114 2838 locarunt,
1146 2786 1219 2827 ubi
1248 2785 1456 2828 Meissner
1486 2800 1523 2840 p.
1544 2786 1599 2828 28
1620 2790 1848 2839 utrumque
