1986 3327
412 192 465 232 28

531 324 796 378 Conspectus
828 325 1039 379 (ablativi)
1072 327 1410 367 instrumentalis
1442 327 1693 368 Lucretiani.

221 418 254 458 4
276 417 382 459 ΑΜ.
398 415 728 471 prosecutious

903 419 924 457 l
942 416 1045 458 Abs.
1067 416 1327 459 soel'afiws
1504 419 1537 459 5
1553 417 1659 459 Abs.
1680 417 1985 460 instrument}

245 490 276 549 ἧ
305 509 410 550 viae
440 508 469 550 h
492 508 722 561 remporis

902 631 935 672 2
961 631 1063 673 ΑΜ.
1096 602 1300 673 modalis
1513 632 1543 673 6
1568 631 1672 674 ΑΜ.
1719 632 1884 686 copiae

836 703 868 763 ᾖ
901 722 1153 763 eomifafus
1188 723 1217 764 b
1253 723 1384 764 modi

1122 789 1124 805 l

1747 811 1751 832 Ι

1525 848 1550 887 7
1575 846 1679 888 Abs.
1711 859 1961 889 mensurae

906 937 940 978 3
965 936 1068 978 Abs.
1103 937 1355 991 qualifoz‘is

1526 1061 1558 1103 8
1582 1060 1684 1103 Ahl.
1710 1060 1872 1115 pretii

1522 1275 1553 1316 9
1579 1274 1682 1317 ΑΜ.
1715 1244 1972 1318 relationis

1507 1490 1562 1531 IO
1589 1489 1693 1532 Ahl.
1726 1502 1894 1533 causae

752 1614 780 1669 ξ
812 1615 883 1657 21.
946 1614 1189 1658 Ablativus
1219 1602 1506 1659 sociamus(

500 1706 614 1747 Raro
648 1705 878 1746 admodum
913 1705 1027 1758 apud
1066 1705 1296 1758 scriptores
1327 1705 1483 1746 latinos
1514 1705 1701 1746 ablativo
1733 1705 1861 1758 signi-

363 1775 545 1816 ficantur
591 1786 815 1827 personae,
863 1785 973 1826 quae
1018 1773 1144 1814 alicui
1191 1773 1475 1826 adstipulatae
1520 1774 1562 1814 in
1600 1786 1645 1815 re
1675 1773 1863 1826 gerenda

365 1844 488 1897 quasi
534 1842 714 1884 comites
764 1854 859 1883 esse
910 1841 1108 1882 dicuntur
1160 1841 1474 1894 (ablativus
1521 1841 1861 1892 sociativus),

364 1912 477 1952 velut
517 1910 629 1964 apud
677 1909 907 1951 Caesarem
945 1909 991 1950 B.
1025 1908 1067 1951 C.
1100 1909 1114 1949 I
1143 1910 1213 1960 41,
1246 1911 1271 1950 2
1304 1908 1468 1951 Caesar
1499 1909 1698 1951 omnibus
1730 1908 1863 1961 copiis

366 1979 424 2019 ad
451 1978 649 2020 Derdam
674 1976 984 2030 proficiscitur,
1017 1978 1221 2031 quoniam
1253 1977 1438 2019 ablativo
1471 1978 1723 2031 saepissime
1743 1989 1863 2030 prae-

365 2046 621 2099 positionem
646 2046 744 2086 addi
775 2050 956 2087 constat.
1017 2045 1146 2088 Cuius
1181 2047 1349 2099 generis
1380 2046 1541 2087 nullum
1572 2046 1685 2098 apud
1707 2045 1862 2087 Lucre-

365 2114 470 2154 tium
502 2114 734 2154 ablativum
766 2114 846 2154 nisi
877 2127 974 2155 cum
1011 2114 1330 2167 praepositione
1362 2127 1458 2154 cum
1490 2114 1766 2155 coniunctum
1798 2113 1861 2153 in-

368 2182 570 2222 venimus
630 2181 778 2234 Neque
810 2182 947 2223 solum
993 2193 1217 2233 personae,
1267 2193 1414 2223 verum
1446 2182 1573 2223 etiam
1606 2181 1861 2231 animantes,

366 2251 499 2291 immo
531 2262 599 2292 res
631 2262 803 2303 quoque
848 2249 1035 2291 ablativo
1082 2250 1289 2291 sociativo
1321 2249 1624 2302 significantur,
1657 2262 1753 2290 cum
1785 2249 1862 2290 ali-

367 2331 495 2372 quem
541 2319 662 2372 quasi
709 2319 905 2360 comitari
953 2317 1240 2371 perhibentur,
1288 2329 1549 2371 quamquam
1581 2329 1711 2370 saepe
1743 2316 1864 2358 aliter

367 2386 541 2428 ablativi
571 2387 772 2440 explicari
803 2391 997 2439 possunt.
1058 2386 1199 2438 Quare
1229 2386 1342 2438 apud
1373 2390 1569 2427 nostrum
1601 2385 1615 2425 1
1647 2385 1702 2426 74
1720 2383 1864 2436 Atque

369 2468 492 2496 omne
525 2454 785 2496 immensum
824 2453 1088 2508 peramavit
1125 2456 1304 2494 memte
1337 2452 1647 2505 (animoque,
1678 2452 1750 2494 ubi
1781 2452 1862 2493 Eb-

367 2523 518 2564 rardus
549 2536 585 2576 p.
617 2523 700 2564 618
732 2523 975 2564 huiusmodi
1019 2522 1252 2563 ablativum
1292 2527 1480 2563 statuere
1512 2521 1690 2571 videtur,
1717 2521 1862 2563 nescio

368 2603 422 2632 an
453 2592 595 2644 potius
641 2590 855 2632 ablativus
896 2591 1167 2632 instrumenti
1213 2590 1266 2631 sit
1310 2594 1552 2643 usurpatus,
1598 2590 1659 2630 uti
1693 2593 1864 2631 vertunt

368 2659 619 2712 interpretes
651 2659 988 2700 Bockemueller:
1021 2659 1097 2699 mit
1130 2657 1245 2700 Geist
1275 2658 1362 2699 und
1393 2657 1523 2710 Muth,
1555 2657 1705 2699 Munro
1736 2657 1863 2710 paulo

370 2727 505 2769 aliter:
538 2728 582 2767 in
613 2727 728 2767 mind
774 2727 859 2767 and
905 2726 1036 2779 spirit,
1084 2725 1290 2766 Patinius:
1336 2738 1414 2778 par
1461 2725 1500 2766 la
1530 2727 1698 2778 pensee.
1758 2724 1863 2766 For-

368 2799 484 2836 tasse
514 2807 591 2847 pro
624 2795 833 2836 sociative
865 2793 1088 2836 habendus
1125 2798 1189 2835 est
1219 2793 1430 2835 ablativus
1461 2793 1524 2834 his
1555 2793 1676 2834 locis:
1709 2792 1722 2833 1
1755 2792 1862 2835 1089
