1986 3327
1469 159 1518 209 15

86 309 168 350 lem
201 307 254 348 ad
286 306 541 348 adiectivum
565 303 760 357 pinques
790 303 997 345 rettulerit
1028 315 1115 344 non
1146 302 1344 355 intellego
1363 303 1405 358 ¹).
1467 302 1580 344 Con-

93 375 237 418 ser'IV
266 375 348 416 456
388 374 430 413 et
455 371 505 414 in
548 371 687 413 noetis
733 369 920 425 ealiqine
966 378 1092 411 caeca
1139 369 1325 412 Cernere
1357 370 1582 412 censemus

92 443 221 484 solem
255 442 488 492 lumenque
520 439 746 481 diurnum.

222 513 446 550 certamem
499 507 530 548 ΙΙ
574 507 649 549 118
696 506 845 547 JIulta
1049 504 1212 546 videbis
1259 504 1451 557 Corpora

87 578 234 619 velut
261 579 486 617 aeterno
525 574 832 616 certamine
862 570 1036 626 proelia
1070 586 1254 627 puqnas
1297 572 1465 621 Edere:
1496 574 1578 615 573

87 645 158 687 Sic·
190 657 364 695 aequo
394 643 566 697 qeritur
611 642 920 684 certamine
946 640 1272 693 principiorum
1399 639 1582 681 bellum:

83 713 119 754 V
149 713 242 754 392
265 711 457 753 Tantum
488 710 709 763 spirantes
741 723 767 751 a
783 723 840 761 eq
857 723 916 750 uo
940 707 1247 750 certamine
1269 707 1425 748 bellum
1449 707 1580 760 illaq-

86 779 158 822 nis
202 779 320 820 inter
363 792 408 819 se
445 777 497 820 de
527 778 655 819 rebus
687 791 862 819 eernere
894 779 1072 818 certant.
1133 776 1404 828 Quamquam
1437 776 1583 817 nescio

84 861 140 890 an
170 847 312 901 potius
358 846 695 889 instrumentalis
740 858 891 887 sensus
929 844 1115 886 ablativo
1147 857 1244 886 cum
1277 843 1509 886 Meissn‘ero
1542 857 1580 896 p.

89 918 138 957 31
166 915 422 956 'tribuendus
454 915 516 956 sit.
591 903 593 905 ’
1254 932 1257 933 ’

223 984 380 1024 chorea.
440 983 472 1023 II
502 983 586 1026 635
633 981 740 1023 Cum
778 980 912 1034 pueri
945 980 1105 1021 circum
1131 993 1324 1032 puerum
1346 977 1582 1031 pernis-e

88 1050 244 1092 ehore
261 1064 287 1091 a
316 1049 514 1091 Armatei
544 1049 593 1091 in
623 1063 858 1091 numerum
885 1048 1125 1100 pulsarent
1154 1046 1327 1088 aeribus
1359 1059 1477 1098 aera⁷
1501 1047 1582 1087 nisi

89 1118 210 1170 sorte,
258 1119 372 1172 quod
417 1119 550 1160 voluit
596 1117 803 1160 Meissner
847 1117 869 1158 l.
900 1117 937 1168 l.,
969 1115 1202 1158 ablativum
1235 1115 1463 1157 comitatus
1493 1119 1581 1156 sta-

88 1187 256 1228 tuimus.

220 1255 345 1294 frons.
403 1253 457 1294 IV
501 1254 584 1296 204
632 1252 751 1304 Quid
796 1265 908 1304 quae
954 1254 1062 1293 sunt
1105 1250 1241 1305 iqitur
1278 1250 1365 1290 iam.
1395 1249 1579 1302 prima

86 1320 276 1371 fronte
300 1320 500 1373 parata?
529 1322 611 1364 298
643 1321 784 1372 Atque
817 1333 866 1361 ea
898 1319 1102 1362 continuo
1137 1321 1296 1360 rectam
1326 1317 1364 1358 si
1394 1317 1583 1369 fronte

86 1387 277 1443 figuram
311 1390 471 1430 Seri-et.

222 1470 359 1510 genus.
420 1458 451 1499 ΙΙ
487 1459 569 1500 372
606 1458 827 1499 Postremo
867 1455 1049 1509 quodvis
1086 1454 1359 1507 frumentum
1398 1467 1489 1495 non
1521 1456 1583 1494 ta-

84 1538 184 1567 men
232 1539 357 1567 omne
405 1526 622 1578 Quique
652 1540 746 1567 suo
777 1538 978 1580 qenere
1011 1524 1126 1566 inter
1155 1537 1199 1563 se
1230 1521 1369 1563 simile
1403 1535 1490 1562 esse
1524 1521 1583 1561 vi-

86 1592 215 1634 debis.
277 1594 369 1636 Hoe
399 1595 494 1636 loeo
527 1607 789 1648 quamquam
822 1607 847 1635 a
877 1593 1110 1635 Meissnero
1143 1605 1181 1644 p.
1209 1592 1262 1632 39
1285 1591 1494 1632 ablativus
1515 1603 1582 1631 re-

84 1661 255 1702 lationis
287 1667 455 1704 exstare
487 1663 651 1714 dieitur,
685 1668 729 1703 ut
752 1662 985 1703 ablativum
1008 1661 1090 1702 loci
1112 1664 1300 1701 statuam
1323 1671 1374 1700 ea
1394 1670 1440 1700 re
1463 1670 1583 1699 eom-

88 1734 230 1770 motus
276 1742 383 1782 sum,
431 1731 545 1784 quo'd
583 1731 696 1783 apud
730 1731 972 1773 Varronem
1005 1728 1130 1769 simili
1162 1728 1257 1769 loeo
1290 1726 1501 1767 ablativus
1533 1737 1584 1767 ex

84 1795 133 1838 in
162 1799 482 1850 praepositione
525 1799 682 1851 pendet
726 1798 870 1851 Lingu.
902 1798 989 1839 La't.
1035 1796 1090 1837 IX
1121 1810 1158 1849 p.
1190 1796 1272 1837 475
1306 1807 1396 1836 non
1429 1792 1582 1834 horum.

88 1863 151 1905 ita
196 1864 314 1906 inter
357 1879 404 1907 se
448 1866 596 1908 omnia
640 1865 801 1907 similia
840 1865 1045 1916 membra,
1081 1867 1128 1904 ut
1156 1861 1395 1915 separatim
1426 1860 1475 1902 in
1506 1874 1584 1901 suo

84 1935 269 1985 utroque
304 1935 463 1988 qenere
508 1934 798 1977 similitudine
829 1934 921 1976 sint
958 1947 1007 1975 ea
1031 1932 1166 1986 paria
1180 1931 1207 1973 29
1264 1931 1426 1973 111296
1471 1930 1584 1980 Quo

83 2015 186 2055 qen
202 2012 290 2043 ere
327 2002 375 2044 in
407 2003 568 2056 primis
605 2003 669 2044 vis
707 2006 770 2045 est
804 2003 993 2045 violenta
1026 2002 1222 2043 leonum:
1259 1999 1313 2041 IV
1350 1999 1431 2040 855
1465 1997 1575 2048 Quo

82 2083 186 2123 ‚qen
202 2083 288 2112 ere
318 2071 367 2113 in
391 2071 551 2124 primis
581 2085 738 2114 sensus
772 2075 813 2113 et
840 2071 1032 2113 membra
1064 2070 1284 2119 iidemusy·
1316 2068 1351 2108 V
1383 2068 1437 2108 59
1471 2068 1581 2116 Quo

83 2150 284 2191 qenere
314 2138 363 2181 in
386 2140 549 2192 primis
595 2140 733 2183 animi
778 2143 945 2182 natura
993 2141 1162 2191 reperta
1203 2140 1265 2178 est
1301 2134 1459 2177 Nativo
1484 2132 1584 2186 pri-

86 2219 203 2247 mum
253 2207 485 2250 consistere
517 2222 691 2262 corpore
724 2211 852 2250 creta.
896 2207 1160 2261 Praepositio
1193 2205 1241 2246 in
1272 2205 1337 2245 his
1384 2203 1489 2244 locis
1520 2202 1585 2242 in-

86 2275 266 2316 venitur:
313 2275 345 2317 ΙΙ
374 2278 456 2318 447
490 2278 585 2319 vide
617 2291 647 2319 s.
678 2292 716 2319 v.
748 2277 884 2328 aeies;
929 2277 1012 2318 535
1045 2288 1076 2316 s.
1107 2288 1143 2316 v.
1176 2273 1317 2321 loeus;
1347 2272 1427 2313 537
1463 2269 1588 2311 Sicut

86 2341 408 2395 quadripedum
457 2358 552 2385 eum
599 2345 758 2397 primis
791 2359 878 2386 esse
916 2344 1113 2385 vvidemus
1143 2340 1204 2393 In
1233 2352 1392 2394 qenere
1425 2336 1583 2391 anqui-

84 2421 245 2451 manus
278 2411 552 2464 elephantos:
582 2414 662 2455 567
696 2413 807 2454 Esse
838 2413 976 2467 iqitur
1015 2424 1173 2465 ,qenere
1204 2409 1253 2450 in
1300 2405 1451 2459 quovis
1485 2404 1585 2458 pri-

90 2470 272 2519 moralia*
304 2493 452 2521 rerum
500 2481 691 2532 Infinita
730 2481 885 2534 palam
935 2483 1019 2529 est:
1050 2480 1132 2523 666
1164 2477 1212 2519 in
1244 2474 1395 2528 quovis
1425 2487 1584 2528 qenere

89 2544 269 2596 herbae;
313 2549 391 2590 821
428 2547 518 2590 Cur
564 2563 614 2591 ea
758 2563 849 2592 non
889 2548 1062 2602 pariter
1106 2548 1214 2587 sunt
1258 2544 1397 2587 Omne
1441 2555 1581 2596 (senus

85 2612 276 2664 perfusa
306 2615 517 2658 coloribus
548 2617 596 2659 in
626 2632 784 2672 qenere
817 2616 966 2659 omni?
995 2621 1036 2658 et
1067 2615 1240 2669 passim.

231 2717 257 2758 ¹)
281 2716 429 2761 Brieger
454 2719 530 2752 sine
555 2729 664 2753 causa
704 2718 844 2753 Bentlei
871 2723 907 2753 et
933 2716 1142 2752 Wakefieldi
1168 2715 1407 2750 coniecturam
1432 2710 1588 2754 fuliqine

91 2779 235 2814 recepit.
