1932 3327
1435 192 1486 229 41

200 326 388 377 ingratis.
449 324 521 364 *Ill
555 326 662 366 1069
703 327 749 363 at
785 337 927 374 quom,
959 323 1130 372 scilic-et,
1165 327 1213 364 nt
1240 324 1301 375 fit,
1332 324 1545 378 Effzzqerv

62 392 172 433 haut
193 393 310 444 potis
342 394 415 442 est,
448 391 675 445 inqratis
706 391 856 432 haeret
885 394 925 431 et
954 391 1110 443 ode't1);
1142 391 1178 432 V
1197 394 1252 432 44
1282 405 1394 442 qnae
1419 406 1544 444 proe-

63 459 120 500 lia
157 459 281 500 nobis
310 462 453 511 Atque
485 458 686 511 pericula
726 461 857 498 tumst
902 458 1150 511 inyratis
1194 458 1545 500 insinuandum.·

60 527 114 568 Vl
148 529 198 569 15
230 541 324 568 eum
357 526 468 567 rid-it
487 526 552 567 hic:
578 549 586 558 ⁴
607 550 614 557 ·
635 549 643 557 ·
669 526 806 568 cmm'a
832 526 962 567 corda>
983 526 1124 577 Atque
1147 526 1285 567 animi
1317 526 1544 578 maratis·

61 595 193 635 ritum
227 608 382 635 restare
414 595 616 646 querellis
647 593 906 645 Pas-Simque
937 592 1110 644 infesti-s·
1141 594 1256 645 &ossei
1277 594 1443 635 saevire
1468 609 1544 646 pe-

59 661 191 703 riei-is.
234 661 294 703 De
325 662 419 703 loco
451 675 476 702 a
507 661 820 703 correctoribus
842 661 1016 702 multum
1041 666 1194 702 vexato
1227 674 1352 712 agam
1384 668 1545 714 postea.

62 730 166 771 *216
208 729 373 770 eadem-t
409 728 639 781 influatis
669 728 744 768 illa
777 730 987 769 necesses-t
1022 728 1196 769 Semina
1231 742 1343 779 qmw
1373 728 1548 779 facium*

59 796 274 850 futqorem
291 798 337 848 2).

445 954 473 1009 5
504 956 572 998 23.
633 955 873 999 Ablativus
904 957 1158 1009 qualitatis.

194 1065 299 1109 Cum
332 1067 517 1108 ablativo
551 1067 704 1108 modali
736 1068 928 1119 inprimis
964 1068 1194 1108 comitatus
1225 1074 1316 1109 arte
1344 1069 1543 1110 cohaeret

60 1130 341 1177 ablativus
387 1136 706 1188 qualitatis,
754 1148 838 1188 quo
884 1135 1145 1187 significatur
1185 1136 1320 1188 qualis
1363 1149 1545 1188 persona

59 1205 125 1245 vel
154 1216 223 1244 res
255 1203 466 1256 quaedam
498 1204 563 1244 sit.
625 1203 818 1256 Namque
850 1203 903 1244 ab
934 1203 1004 1244 illo
1037 1204 1104 1244 bic
1137 1203 1346 1244 ablativus
1377 1216 1428 1245 eo
1469 1205 1545 1245 dil'-

57 1271 148 1321 fert,
182 1271 296 1324 quod
327 1271 434 1311 alias
465 1271 595 1312 verbo
627 1271 894 1311 substantivo
927 1271 1116 1323 aliisque,
1150 1284 1235 1312 non
1267 1277 1430 1312 tantum
1459 1285 1544 1313 ver-

58 1339 122 1379 bis
153 1345 317 1380 motum
349 1339 635 1380 indicantibus
666 1339 906 1391 apponitur,
939 1339 1043 1379 alias
1075 1340 1207 1379 artius
1229 1352 1323 1380 cum
1348 1340 1546 1380 substan-

55 1408 144 1448 tivo
176 1407 458 1459 coniungitur,
491 1420 574 1460 quo
607 1408 763 1448 factum
797 1412 873 1457 est,
906 1413 951 1446 ut
981 1413 1019 1448 et
1054 1407 1327 1458 praedicativi
1359 1413 1397 1448 et
1427 1409 1546 1448 attri-

57 1475 189 1516 butivi
235 1475 331 1516 loc-0
377 1481 613 1527 usurpetur.
673 1475 831 1516 Eodem
875 1476 1000 1516 modo
1040 1488 1124 1528 quo
1171 1476 1400 1516 ablativum
1448 1477 1544 1529 poni

57 1547 205 1584 notum
239 1548 302 1583 est
334 1543 591 1594 genetivum,
624 1543 694 1596 qui
726 1556 853 1584 casus
885 1556 968 1596 qua
999 1544 1040 1583 in
1072 1556 1116 1584 re
1150 1544 1258 1584 inter
1286 1558 1331 1584 se
1354 1544 1545 1585 differant

58 1611 142 1651 dici
171 1611 244 1650 vix
277 1616 429 1662 potest,
463 1623 560 1651 cum
592 1623 720 1662 saepe
752 1611 902 1651 eadem
935 1612 1021 1652 iere
1043 1611 1353 1662 significatione
1369 1618 1546 1653 exstent.

57 1677 140 1720 Sed
189 1678 321 1718 multo
362 1678 622 1730 frequentior
663 1679 774 1730 apud
806 1678 1044 1720 Lucretium
1078 1685 1139 1720 est
1173 1679 1381 1719 ablativus
1413 1680 1546 1732 quali-

56 1747 169 1795 tatis,
201 1758 301 1786 nam
334 1746 550 1786 rarissime
581 1752 809 1787 occurrunt
839 1748 1021 1799 genetivi
1056 1747 1282 1799 qualitatis.
1320 1748 1428 1798 Quia
1451 1760 1546 1788 ean-

58 1815 153 1856 dem
198 1815 311 1867 apud
343 1814 537 1855 Plautum
570 1815 710 1856 valere
741 1815 874 1867 legem
909 1828 987 1856 nos
1020 1815 1143 1856 docet
1176 1815 1478 1868 Blomquistius
1511 1829 1546 1868 p.

59 1884 124 1933 75,
169 1882 411 1924 Lucretium
457 1882 808 1924 consuetudinem
856 1883 1020 1934 priscae
1062 1883 1282 1923 latinitatis
1313 1884 1544 1923 ablativum

57 1951 101 1991 in
141 1950 347 2003 qualitate
387 1951 650 2003 designanda
689 1952 886 2003 genetivo
918 1952 1196 2004 praeferentis
1227 1959 1419 1993 secutum
1453 1966 1545 1994 esse

58 2023 245 2071 apparet.
304 2018 366 2059 Ac
406 2019 536 2059 multo
573 2019 813 2060 liberiorem
854 2020 967 2072 apud
997 2020 1237 2061 Lucretium
1269 2033 1390 2060 usum
1425 2021 1546 2061 huius

59 2086 231 2127 ablativi
261 2086 515 2138 invenimus,
547 2101 646 2128 nam
678 2100 807 2140 saepe
840 2089 1024 2129 ablativo
1048 2089 1275 2129 comitatus
1299 2088 1436 2128 affinis
1454 2101 1546 2129 esse

59 2154 234 2204 videtur,
282 2154 492 2195 interdum
531 2155 584 2196 ad
624 2156 942 2197 similitudinem
975 2156 1145 2196 ablativi
1178 2157 1336 2208 proprii
1368 2157 1544 2197 accedit.

58 2222 150 2263 Hoc
194 2222 289 2263 loco
335 2228 480 2272 restat,
528 2230 570 2264 ut
623 2237 1010 2266 commemoremus
1061 2225 1291 2264 ablativum
1344 2226 1547 2266 materiae

59 2301 184 2343 quem
231 2295 385 2331 vocant
433 2303 457 2330 a
505 2291 759 2344 quibusdam
815 2293 954 2342 statui,
1004 2306 1086 2345 quo
1142 2293 1413 2344 significetur,
1463 2306 1545 2345 qua

58 2369 108 2398 ex
153 2370 198 2398 re
239 2358 395 2411 aliquid
433 2361 651 2401 consistat.
712 2361 795 2400 Etsi
835 2360 1075 2401 huiusmodi
1109 2361 1279 2400 ablativi
1312 2360 1422 2412 apud
1466 2360 1545 2400 Lu-

58 2425 235 2465 cretium
282 2427 410 2467 statui
454 2433 646 2480 possunt,
686 2441 835 2469 omnes
866 2434 1010 2469 tamen
1042 2441 1126 2468 uno
1159 2428 1236 2468 sub
1274 2428 1394 2468 titulo
1434 2433 1546 2468 trac-

58 2493 157 2543 tavi,
191 2494 392 2546 quoniam
425 2495 478 2535 ab
511 2495 706 2536 ablativis
738 2497 953 2548 qualitatis
985 2497 1056 2549 qui
1083 2497 1252 2548 proprie
1275 2496 1547 2536 nominantur

60 2566 158 2613 apte
188 2561 370 2603 discerni
402 2569 629 2615 nequeunt.

197 2721 222 2760 ¹)
247 2719 404 2763 inyratz's
429 2720 591 2754 coniecit
617 2721 828 2756 Lambinus
854 2733 922 2766 pro
950 2722 1138 2766 baffi-atius.

194 2776 223 2819 2)
249 2775 405 2820 inyratis
431 2777 584 2821 scripsit
608 2777 713 2817 Pius,
742 2778 921 2822 inm-atius
946 2778 1128 2823 praebent
1155 2778 1313 2811 codices.
